4676 5832
897 347 1154 400 anssa-

175 534 440 640 quadraginta,
462 528 514 616 il.
564 537 624 612 Ex
648 534 707 611 his
737 561 854 614 nemo
887 554 970 613 non
998 536 1119 631 videt,
1153 557 1214 612 eas
1237 533 1284 610 ab
1307 535 1540 614 Euthalianis
1558 537 1730 640 capitulis
1747 547 1871 616 totum

174 679 356 769 quantum
386 667 534 746 differre
559 697 570 761 ς
600 665 808 746 ¹concinunt
841 695 933 749 vero
953 655 1056 748 'eum
1082 667 1400 772 praelectionibus
1428 669 1684 748 ecclesiasticis
1713 673 1755 748 in
1789 671 1868 751 dies

174 793 287 869 festos
318 794 573 871 Alexandriae
597 775 711 894 atque
739 796 780 871 in
809 799 987 900 Aegypto
1011 795 1179 896 receptis.
1232 794 1313 868 Has
1337 791 1538 880 Euthalius
1564 811 1754 891 recenset3
1788 823 1869 875 non

172 929 288 1012 suas',
325 915 472 1018 quippe
498 922 586 996 alias
619 921 831 997 instituerat
861 945 1024 1000 numero
1060 917 1252 1018 sedecim,
1291 943 1389 1018 quae
1426 921 1582 1021 posthac
1615 917 1870 998 iuctoritatem

173 1056 405 1120 consecutae
424 1037 593 1134 sunt;.²⁴)
618 1045 686 1124 sed
712 1061 859 1124 veteres
892 1049 997 1142 illas,
1031 1057 1222 1177 tcmpve,
1250 1054 1287 1120 et
1315 1067 1423 1120 more
1446 1045 1614 1120 traditas:
1646 1059 1760 1144 atque
1784 1075 1870 1124 cum

176 1167 240 1242 bis
273 1166 415 1245 codicis
437 1163 610 1247 Vaticani
642 1171 829 1250 sectiones
862 1153 1101 1255 conveniunt
1128 1167 1256 1270 quoad
1290 1192 1518 1262 numerum
1558 1167 1736 1270 utrinque
1768 1172 1872 1248 enim

172 1295 228 1379 iis
259 1289 403 1400 triginta
440 1325 507 1376 sex
536 1317 822 1408 computantur,
871 1317 955 1382 tum
984 1304 1097 1382 etiam
1126 1304 1233 1404 quod
1254 1303 1400 1378 adtinet
1423 1301 1572 1376 initium
1594 1313 1631 1376 et
1656 1298 1773 1378 linem
1798 1305 1872 1380 sin·

180 1429 354 1526 gularum
383 1426 711 1528 praelectionum,
747 1429 789 1504 in
819 1429 961 1528 quibus
987 1427 1143 1506 nonnisi
1167 1439 1224 1502 ter
1249 1441 1428 1530 quaterve
1455 1429 1538 1500 ise
1563 1420 1725 1502 invicem
1757 1427 1873 1503 disce·

87 1651 91 1658 ¹
178 1555 282 1628 dunt.
340 1552 533 1634 Praeterea
564 1554 686 1628 codex
712 1553 919 1638 Vaticanus
949 1551 1041 1628 alias
1068 1551 1193 1626 adhuc
1223 1552 1392 1627 continet
1418 1549 1602 1626 sectiones
1632 1551 1873 1650 aposteriori

173 1705 316 1772 manu,
363 1677 438 1752 alio
470 1689 680 1754 atramento
714 1657 754 1756 et
785 1680 1040 1758 characterum
1069 1676 1211 1768 ductu,
1245 1675 1376 1751 litteris
1399 1673 1612 1749 uncialibus
1645 1679 1771 1750 multo
1790 1703 1872 1752 ma·
1920 1745 1927 1766 ,

171 1801 322 1908 joribus
356 1803 589 1896 elaboratas,
645 1827 743 1901 quae
781 1825 1064 1898 nonnunquam
1099 1825 1215 1903 super
1247 1814 1391 1878 veteres
1433 1813 1471 1876 et
1499 1801 1708 1901 primaevas
1744 1827 1874 1904 super·

174 1931 338 2032 scriptae
352 1939 465 2018 sunt,
487 1927 582 2023 quin
597 1939 726 1998 tamen
749 1951 810 2000 eas
829 1927 878 2002 ita
898 1925 1083 2017 obruant,
1111 1951 1163 2000 ne
1179 1924 1342 2001 subinde
1361 1937 1622 2026 prospectent,
1639 1937 1685 2000 et
1704 1928 1874 2004 membra

52 2077 58 2084 '
177 2072 366 2143 exserant.
418 2057 524 2130 sice.
541 2081 576 2150 g.
604 2051 787 2128 sectiones
813 2070 959 2132 veteres
978 2045 1032 2144 ’(Ῑ),
1059 2047 1095 2128 ff
1121 2067 1159 2128 et
1176 2045 1230 2146 X,
1258 2057 1280 2128 a
1306 2055 1576 2130 recentioribus
1601 2055 1743 2152 115,st
1768 2059 1872 2139 etii
1898 2119 1904 2130 ,

176 2196 418 2290 'obteguntur
442 2183 615 2286 quidem,
642 2207 723 2256 non
741 2184 976 2257 occultantur
1007 2193 1134 2253 tamen
1154 2181 1339 2274 omnino,
1365 2183 1431 2256 sed
1458 2183 1584 2283 aliqua
1610 2162 1741 2264 saltem
1769 2207 1873 2294 parte

181 2323 415 2432 prominent.
461 2319 557 2394 Sunt
577 2325 705 2398 ‚autem
731 2313 835 2389 hunc
860 2311 902 2388 in
927 2312 1089 2387 modurn
1115 2312 1387 2393 concinnatae:
1413 2303 1445 2392 ᾗ.
1473 2297 1508 2392 l]
1535 2315 1589 2392 15.
1621 2311 1657 2396 f.
1683 2321 1795 2400 11.·5.
1830 2309 1873 2402 X,

177 2463 231 2538 Π.
261 2475 313 2544 14.
347 2447 391 2533 ἶ,
425 2447 482 2526 ΙΙ.
512 2470 569 2524 aa.
601 2425 641 2522 ἶ.
676 2443 726 2515 ll.
759 2469 817 2540 29.
850 2435 895 2518 'ia
924 2447 997 2526 111,
1037 2469 1068 2522 ι.
1112 2433 1154 2516 ὃ.
1190 2441 1258 2526 Ν.
1295 2469 1328 2523 ι.
1364 2435 1394 2520 '1'.
1429 2445 1501 2526 IV.
1531 2447 1588 2521 13.
1625 2443 1680 2528 ῖί,
1718 2453 1788 2534 JV,
1816 2457 1874 2532 23,

174 2579 223 2672 sn,
250 2589 325 2669 IV,
360 2582 419 2656 ia.
452 2573 505 2656 ff·
538 2573 586 2652 V.
624 2601 656 2657 ι.
691 2560 744 2652 ᾗ.
777 2570 826 2650 V.
862 2595 918 2646 1².
956 2561 1011 2668 ἷὲ,
1048 2602 1309 2678 παραγενομενος
1340 2567 1445 2656 taeV.
1474 2600 1532 2650 aa.
1569 2571 1615 2653 li.
1645 2579 1697 2670 V,
1720 2583 1778 2674 34.
1819 2577 1872 2670 Ῑῐ,

175 2724 251 2802 Vl.
283 2708 386 2794 uffa.
415 2709 464 2790 V.
493 2734 527 2812 9.
568 2697 622 2785 le.
647 2707 741 2788 Vll.
776 2734 830 2781 ιι.
868 2703 907 2783 ἱ.
938 2707 1034 2790 Vll.
1075 2708 1134 2781 35.
1176 2721 1267 2783 caet.
1323 2707 1430 2810 Talia
1463 2709 1504 2812 in
1539 2709 1759 2792 universum
1785 2735 1874 2805 sunt

119 2847 122 2856 '
181 2841 372 2926 adfinem
401 2859 522 2936 usque
546 2846 716 2909 actorum
750 2829 870 2931 capita
897 2830 1087 2928 sexaginta
1114 2820 1266 2909 novem.
1325 2833 1514 2908 Posterior
1538 2835 1631 2914 haec
1657 2841 1794 2920 divisio
1820 2838 1874 2922 a'r.

180 2961 406 3072 {gumentum
442 2957 635 3059 egregium
670 2981 760 3034 saue
790 2955 1008 3057 suppeditat
1040 2968 1153 3055 atque
1179 2960 1417 3033 luculentum
1444 2984 1515 3058 pro
1539 2961 1760 3062 antiquitate
1784 2967 1875 3044 libri

180 3090 375 3178 Vaticani:
417 3083 658 3162 manifestum
686 3077 883 3160 enimvero
910 3095 987 3177 est,
1038 3106 1116 3180 quo
1149 3095 1321 3182 tempore
1349 3081 1447 3159 haec
1477 3083 1599 3185 capita
1623 3087 1763 3166 tardius
1791 3096 1873 3166 eta

182 3219 316 3298 seriori
340 3242 457 3292 manu
484 3207 663 3314 adposita
680 3209 807 3303 suere,
858 3207 1086 3286 divisionem
1112 3205 1280 3281 Euthaiii
1304 3207 1483 3280 nondum
1513 3209 1697 3306 viguisse,
1749 3219 1873 3291 'multo

184 3347 310 3425 minus
336 3337 450 3442 igitur
475 3363 517 3414 ea
546 3347 688 3430 aetate,
724 3363 799 3448 qua
821 3325 1161 3436 praeclarissimum
1184 3331 1259 3406 hoc
1283 3332 1475 3429 exemplar
1499 3331 1695 3410 conditum
1722 3335 1802 3412 suit.

248 3599 305 3680 24)
343 3595 439 3656 Duas
458 3586 652 3653 lectionum
672 3583 982 3651 ecclesiasticarum
1007 3579 1200 3645 divisiones
1222 3573 1260 3644 in
1283 3579 1368 3644 actis
1383 3579 1569 3646 Euthalius
1590 3581 1741 3660 exhibet,
1763 3609 1869 3654 unam

185 3717 190 3725 '
312 3723 385 3786 quo
407 3702 487 3765 loco
510 3697 547 3762 in
577 3695 759 3762 catholicis
780 3705 812 3760 et
836 3693 996 3760 Paulinis
1017 3689 1177 3776 epistolis
1198 3687 1366 3754 lectiones
1389 3692 1406 3752 t
1427 3709 1467 3754 se
1489 3691 1674 3776 dispositas
1695 3717 1872 3762 recensere

314 3807 514 3892 censuerim
544 3805 715 3874 nimirum
738 3803 942 3872 immediate
963 3813 1043 3892 post
1065 3802 1253 3886 prologum
1277 3821 1314 3886 p.
1334 3817 1394 3878 4¹1
1416 3832 1459 3850 -
1487 3807 1558 3880 4¹3·
1582 3813 1686 3884 atque
1708 3807 1810 3872 lma
1836 3827 1872 3874 ῃ

191 3951 204 3974 ··
313 3921 484 4006 profectas
513 3935 585 3985 esse
622 3916 786 3986 distincte
812 3917 970 3982 asserite.
992 3915 1105 3992 ,ism
1136 3902 1200 3998 τὰ
1227 3903 1431 4008 ἀναγνώσας
1458 3916 1517 4009 τῆς
1540 3911 1669 4005 βψω
1699 3919 1762 3996 τῶν
1784 3911 1873 4019 πρά,

313 4039 387 4134 ξω
417 4041 478 4115 τῶ
516 4031 784 4142 &mima
822 4033 1056 4118 absolvuntur
1090 4047 1173 4092 vcro
1202 4024 1359 4091 numeris
1390 4029 1554 4096 sedecim.
1610 4030 1725 4096 aliam
1755 4045 1872 4100 autem

324 4153 531 4229 divisionem
556 4151 663 4234 habet
681 4148 835 4220 additam
857 4147 896 4216 tn
915 4145 1005 4230 fine,
1027 4143 1131 4224 eujus
1156 4145 1233 4232 ipse
1253 4143 1324 4208 sibi
1343 4144 1507 4210 meritum
1531 4169 1576 4211 ne
1597 4151 1704 4213 verbo
1726 4150 1870 4230 quidem

189 4247 209 4258 '¹
315 4239 492 4343 vindicat,
512 4263 574 4324 sed
599 4242 792 4343 generatim
819 4255 994 4338 observat,
1014 4276 1089 4319 earn
1116 4253 1155 4315 in
1180 4253 1302 4317 codice
1328 4266 1470 4334 actuum
1498 4249 1670 4320 inveniri:
1702 4251 1762 4334 ,μὴ
1786 4253 1872 4338 {m

313 4385 341 4457 οἱ
365 4356 421 4480 sipi
456 4377 537 4481 poi,
571 4363 624 4458 iric
648 4359 792 4474 inpiatis
823 4360 984 4470 κειμένους
1010 4375 1043 4447 t’v
1064 4372 1112 4474 τῷ
1139 4360 1264 4464 risza,
1292 4386 1328 4446 λ.
1361 4391 1398 4455 Ρ.
1428 4375 1503 4449 438.
1532 4383 1639 4455 atquc
1667 4374 1752 4438 baec
1780 4393 1873 4441 com·

309 4492 477 4581 plectitur
500 4473 665 4552 numeros
685 4485 828 4574 triginta
846 4503 916 4556 sex.
