4676 5832
1267 279 1493 362 aad...

543 433 750 575 11ε111ὲγτί
774 437 974 570 rescriptas
1005 469 1180 563 (Parisin'.
1206 493 1325 570 graec.
1349 467 1395 552 n.'
1417 495 1454 568 9.
1478 469 1779 560 fol.)ss.sectiones
1804 482 1870 558 aut
1900 481 2008 567 initia
2029 491 2221 601 primm,

540 619 622 666 rum
649 595 768 669 littera
792 597 1056 692 grandiuscula
1090 609 1127 672 et
1153 608 1320 674 exstante
1344 593 1447 670 eitra
1471 621 1596 674 aream
1622 603 1804 692 indicant,

622 763 801 872 Singulae
827 776 939 852 etiam
966 777 1110 852 litterae
1143 779 1240 854 adeo
1266 791 1364 854 arcte
1398 791 1436 856 et
1472 785 1655 860 continuo
1688 790 1823 868 ordine
1848 818 1889 870 se
1922 795 2223 907 subsequuntur,

528 911 789 997 utnusquam
810 899 938 976 divisis
964 911 1029 973 aut
1057 895 1235 1000 sejunctis
1262 929 1330 1002 per
1356 904 1552 1002 intervalla
1573 913 1733 1018 vocilius
1761 915 2044 1016 dignoscendus
2067 929 2115 1004 sit
2135 931 2221 1009 linis
2248 921 2254 964 ³

535 1025 713 1118 vocabuli
744 1037 810 1096 aut
845 1023 1014 1117 initium,
1052 1025 1120 1100 sed
1158 1026 1350 1124 quaelibet
1373 1029 1475 1104 linea
1511 1055 1631 1109 unum
1650 1014 1802 1114 ‘tantum
1842 1045 2036 1127 continere
2060 1057 2220 1135 verbum
2276 1131 2283 1140 .

531 1151 724 1228 videatur,
767 1147 903 1244 Neque
930 1148 1042 1222 etiam
1063 1150 1112 1222 ad
1128 1152 1350 1260 separandas
1377 1154 1399 1224 d
1421 1152 1647 1234 seinvicem
1668 1187 1779 1242 voces
1801 1167 1956 1266 aliquod
1980 1174 2131 1272 signum
2150 1211 2218 1261 un.

458 1359 461 1362 ·
532 1274 733 1370 dequaque
763 1269 977 1368 adpositum
1004 1270 1185 1364 cernitur,
1227 1276 1338 1370 quale
1372 1275 1413 1352 in
1439 1277 1571 1357 codice
1594 1283 1880 1386 Alexandrino,
1923 1309 1966 1368 ut
1990 1323 2070 1375 rem
2097 1331 2219 1386 exem·

529 1399 595 1495 plo
621 1396 871 1483 illustremus,
899 1391 1132 1494 frequentius
1158 1397 1330 1489 recurrit,
1356 1397 1498 1478 lineola
1523 1430 1680 1483 recurva
1709 1437 1873 1514 superne
1896 1419 1945 1492 ad
1965 1421 2125 1502 litteram
2152 1435 2214 1506 ad-

530 1517 640 1618 picta,
672 1497 740 1590 'ln
777 1509 965 1616 ejusmodi
1003 1525 1148 1602 tantum
1181 1519 1292 1610 locis,
1332 1521 1402 1596 ubi
1437 1531 1599 1604 narratio
1635 1533 1778 1633 integra
1810 1539 2039 1640 absolvitur,
2079 1567 2144 1627 aut
2173 1557 2214 1634 in

528 1640 694 1742 epistolis
721 1636 828 1718 finita
856 1639 1019 1738 quadam
1046 1655 1299 1741 conceptuum
1318 1647 1432 1744 serie,
1458 1650 1526 1724 ubi
1548 1652 1600 1764 in
1615 1655 1688 1730 alia
1713 1651 1852 1736 transit
1868 1669 2009 1762 oratio,
2035 1672 2213 1755 dimidiae

473 1802 476 1808 ¹
527 1777 565 1840 et
585 1788 863 1861 nonnunquam
879 1763 1044 1860 integrae
1064 1764 1208 1840 litterae
1223 1767 1465 1871 intercapedo
1485 1800 1604 1849 vacua
1621 1782 1816 1876 remansit,
1842 1788 2075 1870 admonendi
2102 1805 2212 1880 'causa

526 1887 703 1964 lectorem
716 1885 851 1978 ,aliam
869 1882 1048 1974 inchoare
1065 1877 1340 2005 narrationem,
1364 1895 1428 1970 vel
1450 1894 1635 1976 diversam
1649 1883 1916 1984 sententiarum
1931 1913 2066 1990 seriem
2085 1905 2212 2000 ordiri.

524 2115 538 2133 2
623 2065 817 2138 Primitira
841 2078 969 2138 mmen
994 2067 1106 2140 facias
1127 2073 1335 2138 litterarum
1359 2079 1546 2150 rarissime
1568 2102 1609 2152 re
1632 2091 1873 2179 spectandam
1902 2097 2028 2174 offert:
2051 2103 2216 2204 praeterss

506 2215 636 2288 fquam
665 2191 787 2282 enim,
815 2189 920 2286 quod
940 2193 1193 2262 'atramentum
1221 2189 1284 2266 hic
1310 2191 1388 2267 illic
1413 2199 1653 2276 membranas
1676 2207 1838 2306 adrosit,
1864 2231 1977 2316 atque
2002 2224 2209 2308 lineamen-

519 2327 557 2386 ta
582 2330 723 2408 vocum
756 2313 953 2408 perlucent
992 2311 1099 2402 quasi
1132 2315 1154 2380 d
1180 2313 1410 2386 tenuissimis
1433 2321 1652 2404 vermiculis
1683 2351 1816 2416 exesa,
1858 2341 2209 2450 lineraetundique

519 2437 615 2510 adeo
652 2435 931 2531 expalluerunt,
973 2441 1015 2500 ut
1047 2428 1116 2504 vix,
1149 2456 1230 2505 non
1263 2432 1504 2510 evanuissent
1529 2435 1699 2531 penitus,
1740 2443 1815 2516 nisi
1850 2453 2037 2544 posterior
2071 2491 2206 2550 mam

518 2557 780 2644 subvenisset,
817 2575 913 2648 quae
940 2575 1002 2624 eas
1028 2575 1175 2622 summa
1202 2552 1413 2648 diligentia,
1450 2557 1624 2632 adcurate
1650 2569 1848 2660 sequendo
1874 2574 2045 2655 ductum
2053 2603 2208 2688 earum,

471 2741 476 2754 .
516 2651 623 2754 aoid
650 2681 857 2747 atramento
893 2669 1036 2745 inlevit.
1087 2659 1309 2770 Verum'in
1348 2673 1426 2749 hoc·
1452 2691 1591 2752 conatu
1621 2687 1840 2764 emor-ituras
1873 2685 2010 2775 litteras
2044 2703 2205 2808 juvandi

515 2829 599 2876 non
624 2812 678 2874 est
703 2795 930 2885 substitum,
961 2807 1004 2868 ut
1030 2819 1102 2891 ego
1129 2797 1282 2894 quidem
1302 2799 1512 2896 ‘existimor
1551 2804 1618 2876 sed
1646 2806 1753 2906 lapsu
1779 2821 1958 2916 temporis
1983 2827 2078 2904 alius
2106 2828 2205 2934 quis.

517 2950 629 3028 quam
664 2923 768 2998 hunc
808 2919 977 2992 laborem
1016 2918 1165 3017 repetiit
1200 2919 1240 2994 in
1269 2921 1424 2999 diversis
1448 2925 1561 3018 locis,
1600 2929 1669 3005 ubi
1707 2935 1909 3018 flavescens
1947 2961 1984 3022 et
2019 2959 2203 3039 evanidus

514 3053 621 3124 color
647 3069 758 3144 opem
787 3044 922 3140 exegit.
972 3044 1018 3117 ln
1055 3044 1320 3143 compluribus
1343 3048 1489 3147 paginis
1523 3049 1714 3130 diversum
1745 3070 1961 3144 asecundo
1987 3074 2054 3150 illo
2086 3097 2203 3182 etre-

513 3165 661 3247 centius
682 3178 930 3241 atramentum
957 3165 1066 3241 facile
1091 3191 1136 3242 se
1157 3169 1305 3266 prodit,
1344 3174 1666 3272 quemadmodum
1698 3187 1837 3284 pagina
1869 3197 2008 3276 codicis
2038 3227 2132 3308 1491·
2157 3213 2203 3294 in

512 3295 672 3396 epistola
708 3291 757 3363 ed
796 3289 961 3406 Galatas.
1257 3296 1260 3304 ’
1425 3328 1430 3334 ·
2012 3317 2018 3326 ’
2169 3340 2174 3349 ·

626 3473 787 3552 Veteres
811 3467 935 3566 igitur
960 3467 1017 3546 illi
1050 3485 1087 3548 et
1119 3475 1303 3577 primaevi
1330 3479 1557 3562 characteres
1591 3487 1650 3566 ibi
1674 3503 1820 3573 tanturn
1847 3519 2086 3604 comparent,
2126 3507 2194 3586 uba·

508 3591 759 3692 calligraphus
783 3593 909 3691 aliqua
940 3619 1136 3694 perperam
1166 3607 1229 3676 vel
1258 3605 1315 3680 bis
1350 3609 1510 3709 scripsit.
1568 3611 1766 3716 Ejusmodi
1794 3625 1950 3718 litteras,
1990 3631 2191 3709 autetiam

507 3718 709 3794 sententias
739 3717 815 3790 fato
842 3745 913 3792 suo
952 3723 1224 3802 commiserunt
1250 3729 1412 3824 librarii,
1451 3735 1521 3833 qui
1545 3739 1665 3813 serius
1692 3741 1912 3836 scripturam
1940 3769 2170 3852 renovarunt
2178 3809 2218 3851 ,·

508 3841 602 3940 quin
638 3839 711 3914 sibi
741 3839 973 3916 facesserent
1012 3849 1212 3942 negotium
1245 3854 1476 3930 instaurandi
1510 3862 1679 3932 colorem
1701 3860 1919 3938 ‘litterarum
1952 3884 2191 3975 socrusque,

506 3989 598 4064 quas
628 3963 757 4062 alresse
782 3965 954 4063 primitus
981 3972 1197 4066 oportebat,
1230 3989 1267 4049 et
1296 3977 1436 4074 quibus
1462 3975 1632 4049 extinctis
1660 3985 1852 4080 exemplar
1875 4000 1953 4062 erat
1978 3999 2187 4076 correctius.

495 4085 715 4182 imaginem
739 4086 959 4188 scripturae,
994 4091 1114 4188 qualis
1150 4091 1303 4190 adparet
1326 4110 1413 4194 post
1448 4098 1593 4170 iteratas
1626 4095 1864 4178 librariorum
1893 4136 1997 4185 curas
2027 4119 2105 4191 aeri
2132 4121 2188 4196 in·

502 4180 580 4288 cidi
610 4208 754 4286 curavit
776 4195 970 4310 losephus'
989 4207 1237 4306 Blanchinus,
1255 4207 1289 4282 l)⁴
1312 4218 1354 4293 in
1376 4248 1450 4318 qua
1473 4235 1617 4318 tamen,
1642 4219 1789 4354 sincerat
1806 4229 1894 4308 licet
1910 4246 1946 4309 et
1965 4237 2051 4314 satis
2070 4241 2184 4342 bona,

566 4453 599 4536 7)
620 4443 807 4520 Blauchini
826 4448 1358 4542 Evangeliarium‘quedruplen.
1387 4459 1487 4542 Parte
1508 4464 1604 4536 Led
1624 4487 1704 4554 pag.
1726 4485 1853 4536 cnxcrr.
1874 4547 1880 4555 ,
1909 4525 1912 4531 .
