4676 5832
901 257 1140 344 ...pe-¹

167 408 361 546 reatui-et
391 431 609 530 simillimus
639 435 720 532 illi',
758 429 828 537 qni
862 429 906 512 in
940 423 1206 511 voluntatens
1230 419 1464 524 conspicitur
1499 437 1546 499 tx
1585 419 1863 504 Herculanensi

94 664 96 668 ,
167 602 286 683 strage
320 572 529 682 protractis.
604 560 972 662 intelligentissimus
1015 557 1151 632 harum
1190 577 1317 628 rerum
1358 549 1514 642 arbiter,
1573 575 1652 651 quo
1691 563 1861 652 tempore

169 708 314 790 abditae
338 695 455 802 hujus
473 691 579 770 urbis
602 688 840 788 antiquitates
864 681 1060 786 paullatim
1086 692 1295 780 coeperunt
1319 676 1576 780 innotescere,
1603 675 1720 751 doctis
1741 673 1864 750 homi-

166 811 285 912 nibus
305 797 496 928 optimum
518 812 719 892 consilium
736 805 920 910 impertiri
941 802 1015 877 sibi
1034 802 1245 893 videbatur,
1273 796 1589 897 quandoquidem
1608 797 1863 873 desiderarent

166 955 364 1034 efformare
388 945 516 1022 animo
546 937 740 1040 quandam
763 925 928 1044 effigiem
951 927 1206 1005 characterum
1237 921 1597 1012 Herculanensium,
1625 933 1707 996 tom
1736 911 1864 1021 quoad

168 1071 489 1174 magnitudinem,
513 1078 597 1141 tum
619 1059 747 1162 quoad
767 1053 949 1154 figuram,
976 1080 1064 1130 cum
1091 1077 1156 1128 eos
1182 1049 1230 1124 ad
1257 1047 1514 1128 bibliothecae
1534 1046 1742 1167 Vaticanae
1762 1045 1865 1124 codi-

168 1224 253 1278 cem
281 1191 567 1273 celeberrimum
598 1184 821 1286 remitteret,
859 1190 994 1280 utpote
1022 1173 1130 1280 cujus
1156 1200 1301 1250 summa
1329 1199 1419 1250 cum
1451 1174 1525 1247 illis
1563 1172 1771 1248 similitudo
1807 1173 1866 1256 in‹

169 1318 372 1398 tercederet
391 1313 439 1395 5).
491 1311 540 1386 Et
561 1307 753 1411 proiecto,
781 1305 887 1404 quod
908 1299 1211 1400 magnitudinem
1236 1297 1368 1408 attinet
1395 1296 1624 1392 litterarum,
1651 1296 1863 1398 pauxillum

170 1437 327 1543 majores
352 1463 489 1540 parum
511 1433 687 1509 differunt
710 1457 731 1504 a
756 1429 855 1503 libro
887 1425 1104 1502 Philodemi
1128 1425 1174 1499 de
1202 1421 1366 1517 musico,
1404 1419 1511 1524 cujus
1545 1425 1730 1504 volumen
1757 1447 1864 1520 quor·
1952 1505 1953 1510 ,

169 1577 249 1640 tum
271 1562 440 1666 primum
458 1553 803 1640 Herculanensium
820 1551 909 1646 luit,
936 1552 1042 1654 quod
1060 1549 1161 1626 felici
1180 1561 1320 1625 conatu
1341 1547 1561 1654 explicitum
1586 1562 1699 1648 atque
1726 1545 1863 1622 tabulis

164 1685 294 1776 aeneis
322 1685 553 1761 delineatum
581 1677 745 1778 Neapoli
770 1675 1055 1778 Campanorum
1088 1677 1215 1752 lucem
1240 1673 1337 1750 vidit
1354 1667 1403 1754 6).Ι
1466 1674 1513 1746 Id
1530 1673 1636 1772 quod
1662 1673 1710 1748 de
1730 1673 1866 1749 littera·

163 1805 250 1885 rum
281 1804 545 1908 magnitudine
575 1805 696 1894 ualet,
722 1800 834 1876 etiam
856 1803 905 1879 de
930 1827 1060 1878 earum
1089 1801 1208 1879 ductu
1235 1811 1272 1876 et
1297 1799 1420 1875 forma
1453 1799 1527 1876 dici
1556 1809 1697 1899 potest,
1723 1796 1765 1874 in
1789 1825 1864 1898 qua

42 2017 45 2022 ¹
162 1933 265 2007 inter
298 1943 506 2021 utrumque
541 1935 834 1996 monumentum
867 1925 942 2000 hoc
980 1925 1220 2026 potissimum
1261 1923 1464 2000 discrimen
1501 1922 1716 2017 intercedit,
1758 1922 1866 2022 quod

166 2047 388 2128 Philodemi
407 2045 602 2144 exemplar
619 2041 774 2138 raptim,
799 2050 953 2114 etnulla
978 2045 1187 2136 elegantiae
1209 2049 1499 2120 habitaratione
1515 2048 1714 2147 scriptum,
1741 2053 1864 2146 atque,

169 2181 214 2245 ut
239 2181 396 2272 putant,
420 2165 698 2265 autographum
725 2159 860 2260 partini
882 2185 929 2236 ex
953 2189 1019 2241 ore
1042 2189 1123 2268 eJus
1147 2179 1373 2266 exceptum,
1406 2170 1543 2268 partim
1566 2195 1588 2246 e
1615 2172 1868 2270 pugillaribus

168 2305 236 2369 aut
261 2292 409 2369 schflis
440 2288 608 2359 auctoris
633 2295 827 2358 eructatum
841 2311 854 2377 3
893 2301 1024 2366 noster
1051 2312 1145 2369 vero
1175 2291 1298 2366 codex
1331 2291 1552 2396 calligraphi
1586 2317 1704 2372 manu
1742 2319 1866 2408 exara·

166 2428 227 2493 tus
254 2413 311 2488 sit
375 2425 378 2430 ’

185 2599 188 2607 ’
290 2605 453 2687 ‘Omnes
481 2615 670 2682 caeterum
692 2602 839 2682 litterae
860 2607 1126 2707 magnitudine
1149 2619 1257 2713 pares
1283 2625 1397 2711 sunt,
1423 2615 1498 2691 nisi
1526 2616 1607 2693 sors
1632 2615 1793 2724 spatium
1823 2621 1865 2696 in

68 2751 70 2754 ’
171 2737 250 2816 fine
281 2734 404 2810 lineae
435 2727 630 2822 defecerit,
674 2729 915 2830 coegeritque
959 2733 1156 2810 librarium
1193 2763 1346 2838 parcere
1385 2744 1531 2817 calamo
1570 2754 1607 2819 et
1644 2721 1865 2822 contrahere

173 2866 340 2940 ductum.
392 2839 532 2932 Nullae
558 2877 651 2930 vero
681 2867 902 2954 comparent
925 2857 1086 2935 maiores
1118 2873 1156 2937 et
1180 2861 1365 2957 initiales;
1404 2866 1548 2942 nedum
1574 2868 1616 2945 in
1648 2868 1766 2943 initiis
1792 2868 1867 2944 sin·

165 2990 346 3090 gulorum
380 2980 589 3071 librorum
630 2979 697 3080 sed
735 3003 832 3078 quae
864 2980 1125 3082 praefiguntur
1152 2984 1371 3084 grandiores
1404 2991 1608 3084 Matthaei,
1645 2993 1803 3086 Marci,
1819 2985 1867 3068 'et

167 3107 406 3210 reliquorum
431 3105 617 3198 exordiis,
649 3103 913 3216 superadditae
940 3121 1046 3200 sunt,
1077 3109 1200 3190 deleta
1225 3112 1407 3214 scriptura
1430 3116 1641 3216 primaeva,
1673 3131 1716 3193 ut
1739 3121 1865 3220 primo

174 3232 309 3309 obtutu
334 3232 463 3332 palam
479 3241 548 3304 'est
569 3227 712 3319 librum
744 3229 938 3330 aperienti.
999 3233 1107 3309 Haec
1140 3258 1198 3311 res
1228 3238 1430 3350 peculiaris
1468 3251 1525 3316 est
1555 3240 1707 3342 penitus
1740 3245 1865 3320 codici

171 3356 357 3438 Vaticano
390 3365 537 3455 praeter
562 3353 865 3460 Herculanensia
888 3353 1064 3468 scripta:¹
1080 3355 1247 3458 reiiqua,
1285 3363 1473 3462 equibus
1501 3366 1625 3464 primo
1651 3369 1738 3442 loco
1764 3389 1865 3443 com·
1936 3454 1943 3465 Ι

166 3480 375 3562 memorari
400 3491 564 3556 meretur
589 3470 878 3556 celeberrimum
904 3485 1098 3584 exemplar
1122 3483 1446 3583 Alexandrinum,
1477 3498 1591 3587 atque
1617 3482 1738 3566 codeic
1763 3491 1865 3594 Eph-

11 3773 27 3791 ,
142 3755 145 3760 ·
238 3732 433 3818 5)]οΙιιιιη
455 3728 744 3796 Winckehnanns
766 3728 1045 3797 Sendsehrciben
1071 3753 1141 3799 ron
1171 3737 1240 3799 den
1262 3695 1565 3803 Herculanicchen
1586 3715 1865 3826 fintdeckuogeo
1950 3803 1955 3811 .

298 3859 344 3904 an
364 3836 538 3905 Heinrich
553 3837 811 3924 ·Reichcgrat'en
832 3858 904 3904 ron
926 3843 1046 3908 Briihl.
1088 3846 1246 3909 Drctdcn
1274 3851 1366 3928 ¹7⁶²·
1408 3863 1439 3927 4.
1483 3869 1519 3924 p,
1542 3853 1595 3920 80·

240 4021 277 4104 6)
299 4021 615 4088 Herculanensium
649 4024 883 4091 Voluminurn
913 4047 1003 4108 quae
1033 4037 1222 4112 supersunt
1255 4031 1387 4092 Tomos
1414 4028 1443 4094 1.
1479 4027 1644 4112 (Neapoli
1678 4031 1784 4112 1793.)
1823 4005 1864 4096 ex

303 4132 535 4218 typographia
558 4131 680 4220 Regia.
723 4138 823 4217 Opus
843 4133 1073 4221 splendidum
1095 4136 1134 4201 in
1157 4137 1218 4204 fot.
1239 4137 1387 4200 XXXIX
1414 4135 1542 4200 tabulis
1570 4145 1745 4208 ornatum.
1790 4136 1863 4222 Qui

305 4259 389 4303 rero
411 4241 568 4326 parcius,
602 4261 681 4306 aere
710 4239 871 4321 minuto,
906 4239 945 4306 in
981 4239 1108 4306 litteris
1137 4239 1289 4324 cupiutit
1318 4231 1507 4324 proficere,
1541 4243 1667 4306 adeant
1698 4241 1863 4311 celeberr.
1990 4231 1992 4234 ⁵

263 4411 286 4440 υ
301 4348 382 4414 Chr.
404 4351 562 4436 Theoph.
585 4353 631 4418 de¹
649 4353 750 4414 Murr
778 4351 1106 4416 commentationem
1137 4349 1181 4411 ‹lc
1203 4347 1350 4433 Papyris
1377 4369 1436 4413 seu
1461 4347 1704 4414 voluminibus
1732 4346 1864 4435 graecis
1906 4358 1911 4367 “

298 4455 622 4523 Herculanensibua
643 4467 705 4521 etc.
754 4454 975 4542 Argentorati
997 4464 1076 4541 typ.
1094 4437 1253 4520 Lerreut.
1299 4457 1385 4532 ¹804·
1429 4459 1462 4528 8.
1719 4463 1723 4473 ’
