4676 5832
1202 249 1255 299 .·-
1308 231 1454 304 14-

446 389 452 398 “
585 383 771 504 ‘Vefpm
809 395 916 500 quod
946 394 1064 496 magis
1102 394 1304 488 miraiere3
1365 393 1398 468 si
1433 393 1629 469 columnas
1665 387 1832 492 singulas
1866 378 2084 512 Philodemi
2119 397 2164 486 in
2268 455 2271 462 ·
2320 413 2321 422 ’

479 525 758 603 Herculanensi
790 522 992 601 ¹volumine
1029 544 1311 611 mensuremus,
1364 517 1557 598 Vaticanis
1594 518 1793 594 latitudine
1830 545 1951 620 paene
1990 534 2166 624 aequales

478 665 595 748 sunt,
615 663 653 726 et
681 647 807 748 quoad
834 644 1071 720 altitudinem
1090 645 1192 718 haud
1215 646 1378 718 multum
1403 643 1625 744 discrepant
1679 642 1780 718 Cum
1795 648 1926 746 paullo
1952 650 2168 748 pusilliores

477 777 552 852 sint
588 774 893 849 Herculanenses
933 771 1159 846 characteres
1194 769 1413 861 Vaticanis,
1458 767 1571 843 etiam
1614 765 1776 840 altitudo
1814 772 2056 876 columnae„
2099 803 2171 877 pro

478 925 612 976 eorum
630 895 775 970 ¹ratione
801 896 931 994 paullo
953 890 1110 966 inferior
1126 904 1192 972 est.
1243 893 1449 974 Vaticanus
1472 917 1587 992 porro
1621 889 1719 967 liber
1739 891 1860 970 lineas
1882 900 2169 1000 comprehendit

478 1026 520 1100 in
560 1019 730 1122 qualibet
759 1020 938 1092 columna
970 1017 1216 1115 quadraginta
1247 1013 1360 1117 atque
1379 1018 1513 1132 duas:
1565 1003 1784 1092 Philodemi
1822 1024 2017 1122 exemplar
2042 1050 2170 1126 ,supra

478 1143 723 1247 quadraginta
758 1141 808 1212 ad
838 1165 1044 1264 summum,
1061 1152 1245 1239 quatuor3
1284 1139 1404 1216 variat
1440 1143 1577 1218 etenim
1621 1152 1659 1219 et
1693 1139 1841 1218 oberrat
1878 1144 1977 1219 intra
2008 1162 2171 1247 quatuor

478 1269 661 1356 unitates,
689 1286 787 1363 quae
812 1287 1018 1338 numerum
1048 1265 1390 1364 quadragenarium
1420 1266 1692 1364 egrediuntur:
1717 1266 1908 1365 siquidem
1934 1265 2171 1362 festinantius

479 1419 526 1467 ex
558 1415 623 1465 ore
648 1386 819 1464 dictantis
848 1415 1022 1484 magnam
1055 1403 1199 1490 partem
1222 1389 1402 1490 scriptum
1425 1402 1501 1484 est3
1536 1413 1652 1483 quare
1679 1388 1799 1466 scriba
1826 1415 1908 1464 non
1936 1391 2032 1469 adeo
2058 1398 2171 1476 anxie

419 1514 422 1523 ’
479 1513 630 1594 cuidam
654 1513 806 1610 regulae
831 1509 1011 1604 inhaesit,
1045 1495 1372 1610 quemadmodum
1400 1513 1640 1613 calligraphi,
1682 1515 1750 1612 qui
1778 1516 2001 1612 elegantiam
2033 1523 2173 1618 pariter

479 1650 518 1716 et
540 1633 796 1740 symmetriam
830 1635 1156 1716 consectabantur.
1219 1628 1425 1720 Vaticanae
1453 1643 1656 1716 columnae
1689 1638 1835 1714 circiter
1849 1639 2057 1743 'interuallo
2085 1661 2173 1726 octo
2261 1663 2262 1668 ’

478 1763 665 1838 linearum
694 1756 843 1858 pollicis
868 1754 917 1831 ab
939 1758 1104 1838 invicem
1126 1776 1356 1863 separantur,
1383 1762 1489 1862 quod
1511 1761 1737 1860 plerumque
1759 1758 1869 1848 etiam
1892 1759 1934 1848 in
1945 1761 2172 1846 Philodamo
2241 1858 2247 1867 ⁵

480 1885 665 1984 contingit
677 1885 692 1972 ;'
715 1879 824 1980 quasi
844 1905 938 1958 vero
963 1909 1033 1982 pro
1062 1884 1262 1965 altitudine
1289 1891 1437 1966 chartae
1463 1883 1715 1986 Aegyptiacae
1745 1877 1904 1982 ejusque
1931 1886 2173 1986 extensione,

480 2021 594 2112 prout
629 2016 761 2080 natura
801 2007 951 2100 plantae
985 2009 1268 2100 suppeditabat,
1313 2023 1413 2084 carta
1429 2008 1632 2100 quaedam
1669 2005 1845 2080 mensura
1886 2007 2172 2110 columnarum,

480 2145 593 2232 atque
630 2125 760 2228 spatii,
798 2125 1081 2226 quo‘alternae
1125 2121 1437 2226 sejungerentur,
1480 2150 1554 2202 usu
1589 2123 1752 2199 stabilita
1784 2127 1919 2226 suerit,
1972 2131 2021 2229 ad
2060 2161 2175 2232 quarn

478 2257 616 2334 cuncta
635 2255 729 2326 haec
753 2247 1022 2343 exigebantur,
1048 2247 1492 2343 quamqueVaticanum
1517 2249 1711 2336 exemplar
1736 2247 2035 2348 inmembranis
2063 2249 2176 2360 eliam

481 2349 709 2462 retinebat-s
726 2394 804 2467 quo
833 2385 874 2452 se
897 2369 961 2443 ad·
978 2385 1089 2438 usum
1119 2390 1372 2442 communem·
1389 2363 1563 2463 proxime
1589 2355 1850 2478 oonlormqret
1915 2363 2058 2464 Omnia
2086 2375 2177 2454 ista:

481 2495 690 2574 similitudo
716 2489 924 2564 litterarum
952 2464 1117 2561 maxima
1143 2515 1231 2564 cum
1262 2485 1636 2576 Herculanensibus3
1672 2481 1795 2580 ligura
1827 2485 1966 2562 codicis
1986 2491 2041 2568 ad
2070 2491 2178 2587 volu,

433 2687 439 2696 .
482 2623 634 2700 minum
670 2611 837 2713 speciem
879 2610 1051 2711 proxime
1091 2613 1296 2703 accedens;
1362 2611 1569 2710 aequalitas
1613 2609 1707 2684 haec
1745 2612 2009 2689 columnarum
2049 2603 2177 2719 quoad

483 2739 749 2826 latitudinem
795 2735 929 2810 eadem
957 2734 1037 2810 lere
1063 2735 1246 2828 altitud03
1286 2737 1474 2813 linearum
1501 2763 1570 2836 par
1600 2735 1678 2810 fere
1705 2760 1910 2833 numerus,
1945 2752 1982 2838 et
2008 2748 2176 2845 aequalis

485 2855 751 2950 columnarum
789 2860 1056 2960 intercapedo,
1098 2860 1205 2959 quasi
1247 2862 1296 2934 ad
1336 2860 1510 2938 eamdem
1543 2861 1759 2932 mensuram
1801 2875 1970 2957 exactus,
1999 2860 2178 2954 'aetatem

486 2993 656 3096 produnt
687 2967 1033 3086 Herculanensium
1060 2985 1286 3087 scriptorum
1318 2995 1432 3106 atque
1463 2969 1640 3072 Vaticani
1674 2979 1779 3058 haud
1818 2987 1957 3105 longo¹
1974 2988 2176 3093 intervallo

487 3116 710 3223 sejunctam·

578 3423 580 3428 ,
638 3324 768 3406 Liceat
789 3331 907 3408 modo
929 3334 977 3408 ab
1008 3330 1175 3410 instituta
1202 3335 1435 3436 quaestione·
1449 3337 1667 3438 pauxillum
1688 3302 1894 3433 deflectere,
1924 3352 1961 3418 et
1989 3329 2177 3436 orthogra·

492 3448 620 3551 phiam
638 3455 778 3531 codicis
801 3460 849 3532 ad
870 3481 1032 3534 ettamen
1056 3483 1255 3551 revocaret
1293 3476 1425 3562 utpote
1445 3489 1542 3562 quae
1572 3464 1620 3538 ad
1647 3466 1920 3566 explorandum
1948 3459 2029 3562 ejus
2053 3464 2176 3537 natale

490 3575 615 3648 solum
634 3597 748 3673 opem
770 3578 1034 3678 auxiliumque
1060 3581 1250 3678 spondere
1273 3583 1432 3662 videtur.
1462 3589 1582 3686 Quod
1605 3588 1720 3684 igitur
1748 3583 2055 3680 orthographiam
2075 3584 2178 3658 codi-
2301 3671 2307 3676 .

491 3695 544 3772 cis
578 3696 726 3790 attinet,
763 3700 1043 3777 correctissimis
1078 3706 1268 3781 accenseri
1305 3726 1489 3804 meretur;
1530 3715 1659 3785 nullae
1699 3704 1855 3780 obviant
1881 3695 2175 3800 permutaltiones

490 3818 680 3892 vocalium
705 3845 804 3896 sono
830 3821 1012 3916 affinium,
1037 3843 1191 3928 excepta
1215 3837 1295 3907 sola
1319 3835 1405 3928 hac,
1433 3837 1536 3934 quod
1563 3831 1821 3928 diphthongus
1849 3853 1874 3900 o
1901 3849 1972 3926 pro
1998 3826 2175 3926 tsaepius

498 3939 742 4037 adhibeatur,
779 3951 1064 4049 et³plerumqtte
1089 3953 1156 4026 ubi
1181 3957 1245 4029 alii
1265 3957 1357 4030 libri
1382 3958 1537 4031 aoristos
1566 3947 1758 4030 secundos
1792 3951 2009 4052 exprimunt
2044 3953 2180 4028 verbo-
2287 3969 2296 3976 “

481 4085 597 4178 ¹rum,
633 4089 730 4163 quae
774 4071 814 4144 in
852 4071 1039 4172 praesenti
1071 4081 1140 4175 per
1158 4105 1183 4152 at
1217 4081 1453 4171 scribuntur;
1487 4077 1603 4178 quasi
1645 4101 1738 4155 vero
1783 4063 2041 4174 imperfectum
2089 4103 2177 4154 cum

493 4187 631 4262 aoristo
665 4197 833 4270 secundo
863 4195 1086 4275 confuderit.
1131 4177 1222 4278 ‘Alia
1245 4214 1355 4292 sunt,
1393 4225 1489 4300 quae
1512 4201 1640 4302 potius
1667 4217 1716 4282 en·
1744 4197 2017 4308 consuetudine
2043 4200 2177 4295 gentis,

359 4401 361 4411 Ι
496 4313 684 4410 quaedam
710 4315 863 4399 abunde
888 4325 1084 4402 scribentis
1109 4339 1175 4400 aut
1196 4324 1500 4440 pronunciantis,
1527 4348 1640 4424 quam
1669 4349 1739 4426 per
1761 4320 2178 4438 imperitiamqadmisit,
