4676 5832
898 351 1341 471 „sss-[2

943 534 956 550 ι,
1315 499 1339 544 'f'
1846 532 1851 543 '

169 586 334 690 ‘epistola
367 581 417 655 od
460 574 660 654 Hebraeos
698 571 738 647 in
781 563 969 648 decimum
1007 569 1136 643 locum
1179 559 1473 642 transferebatur
1517 565 1635 645 aetate
1677 567 1873 656 Athanasii

176 707 333 788 minime
364 727 469 780 nova
494 709 596 788 erat;
646 717 724 793 quo
754 704 928 792 tempore
956 713 1045 766 vero
1076 705 1206 802 noster
1244 693 1366 767 codex
1396 687 1653 790 scribebatur,
1663 723 1667 732 ·
1687 699 1753 776 vix
1787 715 1869 782 non

177 847 250 912 erat
287 832 410 922 facta,
435 827 531 901 adeo
553 837 597 897 ut
622 818 857 897 conveniens
882 817 1047 917 capitum
1077 795 1214 894 divisio
1242 819 1416 893 nondum
1445 832 1623 914 exstaret,
1669 838 1706 900 et
1729 841 1870 928 pertur-

173 949 280 1037 batio
305 943 554 1040 numerorum
578 947 671 1026 inde
699 943 876 1038 oriretur,
903 941 998 1042 quin
1021 941 1146 1023 adhuc
1174 943 1375 1046 quisquam
1400 942 1457 1032 illi
1485 947 1736 1028 succurrisset

329 1243 668 1321 praeclarissimum
711 1238 878 1338 denique
923 1237 1152 1336 antiquitatis
1191 1237 1463 1316 documentum
1505 1243 1627 1320 codex
1663 1244 1871 1341 Vaticanus
1939 1249 1945 1256 “

182 1380 343 1442 asservat
361 1367 403 1441 in
432 1365 588 1443 exordio
614 1363 794 1464 epistolae
816 1362 863 1435 ad
887 1359 1081 1462 Ephesios.
1133 1361 1207 1437 Res
1232 1376 1287 1439 cst
1312 1380 1412 1458 nota,
1438 1379 1476 1442 et
1499 1370 1705 1442 multorum
1733 1368 1873 1470 disqui-

186 1488 383 1564 sitionibus
407 1490 563 1588 agitata,
590 1487 720 1588 priscis
746 1487 801 1561 rei
827 1482 1060 1560 Christianae
1082 1487 1342 1587 temporibus,
1385 1489 1426 1564 in
1446 1492 1668 1568 salutatione
1690 1494 1872 1592 epistolae

183 1614 406 1712 praemissa,
441 1625 528 1714 post
568 1640 631 1700 rus
659 1637 769 1704 cysare
806 1637 869 1692 rosc
898 1635 969 1682 auca
1001 1633 1115 1686 voees
1147 1635 1176 1687 tr
1199 1620 1311 1714 σφεα-ῳ
1344 1614 1506 1714 (Ephes.
1546 1617 1576 1688 1.
1613 1616 1669 1696 a.)
1697 1617 1872 1696 defuisse.

183 1735 242 1809 Ex
271 1764 348 1837 quo
384 1739 539 1816 effecere
577 1737 713 1828 nostri,
759 1735 958 1836 epistolam
989 1756 1037 1808 ex
1074 1733 1349 1836 encyclicarum
1383 1761 1542 1832 genere,
1591 1749 1628 1813 et
1661 1740 1710 1812 ad
1746 1743 1873 1839 plures

183 1861 355 1938 ecclesias
395 1864 548 1940 missam
584 1863 725 1957 fuisse,
776 1859 1018 1960 spatiumque
1050 1880 1214 1931 vacuum
1251 1883 1298 1931 ex
1330 1857 1514 1935 industria
1550 1861 1793 1954 remansisse,
1833 1875 1875 1938 ut

179 1981 281 2061 inter
307 1989 546 2062 recitandum
574 1991 808 2087 expleretur,
838 1979 981 2086 adjecta
1009 1979 1203 2056 mentione
1231 1982 1354 2075 urbis,
1382 1981 1422 2057 in
1449 2011 1523 2082 qua
1549 1986 1707 2083 epistola
1736 1991 1877 2086 praele-

183 2109 366 2204 gebatur:
413 2111 637 2208 adpellatam
673 2135 763 2190 vero
796 2109 912 2182 fuisse
938 2105 1117 2199 deinceps
1148 2106 1345 2199 epistolam
1379 2105 1428 2179 ad
1457 2107 1665 2206 Ephesios,
1693 2111 1798 2208 quod
1821 2111 1896 2187 ibi*

188 2229 357 2330 primum
391 2233 505 2308 fuerit
538 2235 790 2333 promulgata,
826 2233 890 2308 vel
922 2226 1034 2304 etiam
1072 2248 1119 2300 ex
1144 2225 1325 2328 dignitate
1355 2227 1483 2322 urbis,
1526 2258 1600 2330 qua
1634 2232 1732 2308 inter
1763 2235 1876 2312 Asiae

189 2353 330 2444 urbes,
367 2357 414 2429 ad
436 2381 529 2448 quas
554 2356 707 2448 epistola
737 2356 819 2445 data
844 2366 944 2444 erat,
970 2348 1182 2428 eminuerit
1233 2353 1439 2466 Nonnullis
1470 2367 1607 2469 autem¹
1632 2380 1680 2432 ax
1713 2359 1878 2458 antiquis

190 2475 366 2570 ecclesiae
395 2473 614 2550 doctoribus
650 2497 707 2548 res
737 2500 819 2548 non
853 2499 977 2550 carere
1009 2474 1188 2576 mysterio
1217 2473 1438 2564 videbatur,
1474 2479 1583 2573 quod
1605 2479 1646 2550 in
1671 2481 1790 2554 verbo
1815 2511 1880 2567 aare

186 2627 257 2672 avos
293 2598 386 2696 (qui
421 2595 531 2682 sunt)
562 2595 825 2704 reconditum,
843 2623 925 2676 esse
944 2597 1261 2696 auspicabantur.
1327 2595 1518 2674 Sententia
1561 2577 1685 2675 enim:
1737 2602 1877 2680 Paulus

176 2723 282 2798 ¹lesu
311 2721 467 2814 Christi,
506 2747 576 2824 per
594 2699 829 2802 voluntatem
854 2726 930 2801 Dei
955 2724 1172 2828 apostolus,
1207 2719 1362 2815 sanctis,
1394 2722 1463 2822 qui
1488 2733 1598 2816 sunt,
1635 2737 1673 2800 et
1697 2722 1875 2805 fidelibus

193 2843 235 2921 in
260 2845 407 2940 Christo
427 2847 521 2923 Jesu
544 2859 612 2924 etc.
637 2848 679 2934 in
706 2871 753 2926 eo
780 2849 980 2950 singularis
1005 2862 1101 2940 erat,
1139 2847 1260 2946 quod,
1305 2843 1506 2923 deficiente
1526 2846 1686 2924 nomine
1715 2850 1818 2926 urhis
1842 2842 1881 2926 ri
1937 2936 1940 2942 ¹

195 2969 377 3070 quisunt
401 2997 589 3071 nusquam
624 2974 849 3068 referretur3
891 3001 963 3052 nec
993 2972 1203 3073 quidquam
1232 2968 1490 3070 undequaque
1515 2982 1612 3047 esset
1637 2967 1882 3073 adjunctum,

190 3096 295 3170 unde
325 3095 498 3171 divinare
526 3095 677 3190 liceret,
702 3102 765 3174 vel
790 3103 920 3198 quales
944 3099 1040 3191 sint,
1080 3098 1143 3173 vel
1165 3095 1321 3169 ubinam
1350 3095 1435 3170 sint.
1502 3097 1621 3172 Dedit
1647 3098 1722 3174 hoc
1753 3127 1883 3188 ansam

191 3217 511 3320 interpretationi,
537 3247 652 3321 quam
687 3219 937 3298 Hieronimus
958 3225 999 3298 in
1020 3222 1189 3297 medium
1215 3219 1393 3293 adduxit:
1443 3221 1667 3321 „Quidam
1691 3207 1760 3324 ijs,
1789 3228 1886 3302 curi·

195 3347 355 3443 „osius,
403 3371 517 3445 quam
549 3369 703 3424 neeesse
733 3359 805 3442 est,
843 3360 978 3448 putant
1007 3371 1055 3423 ex
1082 3369 1149 3422 eos
1190 3327 1298 3447 quod
1329 3343 1470 3422 dietum
1504 3345 1635 3447 Moysi
1662 3345 1752 3420 sits'
1777 3349 1885 3427 Haec

193 3473 326 3569 „dices
351 3469 440 3546 liliis
468 3472 607 3565 lsrael,
647 3471 716 3571 qui
744 3487 821 3567 est,
850 3471 953 3547 misit
981 3497 1062 3558 mes
1101 3470 1213 3545 etiam
1239 3493 1323 3562 eos,
1355 3466 1425 3568 qui
1449 3467 1593 3569 Ephesi
1618 3485 1731 3563 sunt,
1767 3477 1886 3554 sancti

192 3612 257 3694 „et
294 3595 449 3690 fideles,
501 3596 683 3672 essentiae
716 3589 907 3676 vocabulo
945 3608 1203 3696 nuncupatos,
1252 3606 1295 3669 ut
1329 3595 1376 3670 ab
1412 3617 1470 3686 eo,
1502 3594 1572 3694 qui
1610 3609 1684 3691 est,
1737 3595 1781 3670 lai
1819 3599 1890 3698 qui

201 3737 319 3818 „sunt
346 3725 587 3824 appellentur
602 3721 686 3806 29).“
745 3724 793 3796 In
829 3724 899 3799 hac
936 3723 1189 3824 explicatione
1221 3719 1383 3795 Basilius
1412 3721 1515 3794 haud
1545 3747 1679 3822 parum
1709 3723 1888 3820 praesidii
1994 3803 1995 3807 ,

189 3829 324 3924 eontra
353 3848 589 3924 Eunomium
616 3874 656 3925 se
680 3848 869 3925 invenisse
894 3849 1150 3941 existimabat,
1185 3873 1298 3947 quam
1320 3845 1434 3922 etiarn
1458 3867 1506 3919 ex
1526 3844 1743 3921 auctoritate
1768 3842 1885 3950 majo·

184 3997 289 4048 xum
327 3973 618 4068 commendare,
669 3986 707 4052 et
750 3997 802 4051 ex
837 3971 1012 4076 antiquie
1047 3974 1145 4050 tueri
1178 3971 1458 4071 exemplaribus
1495 3969 1748 4066 adnitebatur,
1792 3997 1890 4073 quae

189 4322 193 4328 ,
264 4251 323 4336 29)
344 4315 349 4326 ,
367 4253 596 4318 commentar.
622 4249 663 4316 iu
684 4247 792 4338 Epist.
811 4251 1009 4356 aduEphen'
1033 4253 1063 4322 1.
1086 4273 1114 4324 r.
1156 4251 1255 4322 Tem.
1280 4249 1359 4319 vn.
1378 4265 1462 4332 opp.
1484 4241 1568 4356 edit
1586 4243 1737 4310 Valsrsii
1757 4268 1791 4332 p.
1815 4249 1891 4327 54³,

854 4451 896 4486 ··
1197 4454 1225 4528 s
