4676 5832
171 264 307 342 ιΙ
901 227 1152 304 ..ra-

183 411 393 514 oblongum
426 403 659 502 excurrare
687 402 792 486 unde
820 407 1039 510 superficies
1064 409 1152 488 libri
1185 403 1248 484 vix
1280 433 1362 488 non
1390 411 1545 516 praebet
1573 397 1735 516 speciem
1762 419 1875 520 prisci

179 540 402 633 voluminis,
446 538 552 636 quod
578 535 799 636 explicitum
824 535 968 634 legenti
995 536 1206 634 oblongum
1238 533 1478 631 obversatur,
1506 541 1668 616 adinstar
1688 543 1874 620 librorum

181 695 275 770 quos
298 679 399 744 aetas
430 677 556 738 nostra
591 661 718 756 cantui
751 676 788 738 et
814 661 1065 762 symphoniae
1095 660 1307 738 destinavit.
1368 661 1417 736 Et
1442 667 1614 761 quamvis
1638 665 1825 764 fingamus
1843 673 1874 744 ¹ai

179 797 348 894 margine
393 789 581 891 superiori
620 799 735 888 atque
765 787 936 862 inferiori
964 799 1132 886 quartam
1169 801 1313 885 partem
1343 787 1551 862 altitudinis
1580 789 1778 866 abscissam
1805 819 1875 894 per

59 1010 70 1022 ,
174 922 436 1021 bibliopegas,
478 915 588 991 etad
625 917 722 992 latus
757 909 857 988 nihil
891 911 1052 988 omnino
1085 913 1110 984 a
1143 910 1313 1008 margine
1334 912 1512 988 demtum
1541 912 1675 1010 luisse,
1711 914 1871 993 latitudo

174 1063 306 1126 tamen
340 1044 453 1120 totius
491 1041 579 1118 libri
615 1043 702 1142 plus
733 1039 841 1116 tertia·
874 1050 978 1139 parte
1012 1035 1251 1112 altitudinem
1273 1038 1442 1119 excedet.
1459 1033 1492 1104 9)
1544 1039 1750 1138 Singularis
1779 1043 1873 1122 haec

177 1176 303 1253 forma
325 1169 479 1248 ¹codicis
518 1169 653 1260 docet,
692 1191 780 1242 eum
821 1164 1003 1264 scriptum
1039 1161 1171 1254 fuisse,
1225 1189 1303 1260 quo
1338 1177 1511 1263 tempore
1554 1167 1575 1238 a
1609 1167 1870 1245 voluminibus

179 1299 228 1374 ad
251 1298 366 1372 libros
388 1292 611 1387 transitum,
648 1307 763 1392 atque
793 1315 927 1368 eorum
957 1287 1076 1387 prisca
1100 1285 1233 1380 iacies,
1277 1274 1340 1364 cui
1370 1291 1504 1364 oculus
1530 1286 1608 1392 jam
1635 1291 1870 1390 insueverat,

175 1435 317 1501 retenta
345 1433 421 1515 est,
465 1444 543 1518 quo
572 1417 860 1510 voluminibus,
904 1406 1089 1512 quantum
1110 1409 1193 1486 fieri
1215 1424 1381 1552 poterat,
1421 1415 1510 1488 libri
1540 1443 1654 1516 quam
1686 1418 1871 1496 simillimi

161 1559 316 1650 essent,
342 1557 379 1624 et
394 1546 450 1622 rei
472 1544 621 1660 novitas
642 1541 884 1647 conjunctam
905 1536 1098 1618 vetustatis
1125 1535 1292 1636 speciem
1319 1554 1554 1656 propagaret.
1605 1541 1697 1617 Non
1713 1543 1871 1620 memini

172 1685 321 1752 exstare
356 1669 466 1746 aliud
485 1651 798 1760 anonumentum,
848 1663 954 1765 qaod
983 1661 1050 1736 ista
1078 1659 1231 1756 attinet,
1273 1687 1361 1738 cum
1389 1677 1518 1738 nostro
1547 1669 1871 1765 comparandum,

135 1879 140 1884 ,
171 1801 246 1878 nisi
249 1797 431 1872 illustre
439 1793 694 1891 lragmentum
725 1790 866 1868 Dionis
896 1787 1038 1880 Cassii,
1064 1787 1171 1886 quod
1198 1788 1393 1886 quondam
1422 1787 1549 1866 Fulvii
1582 1789 1715 1868 Ursini
1734 1793 1869 1870 scrinia

169 1922 391 2009 exornavit,
434 1930 598 2015 postque
639 1911 720 2012 ejus
750 1914 823 1989 lata
857 1938 927 2014 per
955 1911 1151 2012 supremas
1188 1911 1335 1986 tabulas
1374 1911 1630 1991 bibliothecae
1662 1914 1868 1996 Vaticanac

171 2051 348 2136 illatum,
374 2038 505 2141 paucis
529 2034 668 2112 abhinc
695 2039 803 2110 annis
833 2039 1033 2110 Lutetiam·
1045 2029 1274 2104 Parisiorum
1301 2037 1575 2130 commigravit.
1623 2037 1870 2119 Monumentl

173 2165 289 2272 hujus
315 2163 465 2262 singula
492 2157 585 2234 solia
606 2157 747 2257 pariter
766 2167 840 2231 tras
865 2155 1062 2231 columnas
1091 2154 1245 2248 sistunt,
1281 2155 1448 2255 indeque
1473 2161 1704 2260 explicatum
1731 2163 1869 2264 impari

176 2293 340 2384 'inultum
367 2281 635 2358 altitudinem
660 2283 821 2374 longum
850 2279 1077 2357 distenditur
1104 2290 1332 2378 tantopere,
1364 2289 1407 2354 ut
1436 2281 1558 2380 prima
1596 2282 1721 2361 fronte
1753 2313 1868 2363 unus-

170 2415 338 2513 quisque
367 2388 569 2511 statueret,
602 2421 643 2474 se
671 2401 882 2490 numlibet
913 2407 988 2474 sed
1012 2402 1224 2477 voluminis
1254 2402 1431 2498 reliquias
1469 2405 1630 2502 intueri,
1664 2409 1706 2484 ni
1739 2436 1868 2492 aversa

145 2510 310 2643 'pagina
350 2512 626 2621 όπιιθὸγραφιι
663 2523 866 2622 proderet,
924 2523 1034 2621 quod
1089 2526 1131 2600 in
1179 2525 1442 2604 voluminibus
1484 2551 1554 2628 per
1594 2533 1868 2635 calligraphum

170 2653 333 2735 exaratis
355 2650 457 2726 haud
485 2647 600 2724 moris
626 2657 730 2736 erat,
769 2648 1037 2724 stantunus
1065 2651 1286 2728 adversariis
1313 2664 1350 2728 et
1376 2653 1583 2752 repentinis
1607 2659 1865 2738 notationibus

176 2779 380 2858 obtinebat
430 2773 511 2850 Has
535 2783 662 2847 autem
687 2772 925 2846 membranas
949 2784 1006 2847 tot
1030 2775 1261 2876 antiquitatis
1290 2776 1432 2854 indicia
1457 2780 1650 2888 luculenta
1674 2807 1868 2861 commen·

174 2905 288 2998 dant,
325 2913 369 2976 ut
394 2899 494 2974 inter
515 2896 634 2972 libros
662 2896 829 2995 scriptos,
859 2910 1050 2998 quotquot
1070 2898 1111 2975 in
1138 2900 1377 2980 bibliothecis
1401 2885 1709 3006 conspiciuntur,
1735 2935 1866 3011 parem

169 3040 257 3108 n‘on
275 3025 496 3118 inveniant,
522 3036 560 3100 et
579 3019 613 3096 si
634 3045 714 3095 non
734 3033 904 3096 nostrum
917 3022 1189 3126 s,uperiorem
1212 3027 1378 3111 nullum.
1391 3029 1442 3115 ¹⁰)

140 3309 142 3316 ‚
223 3258 278 3362 uq)
319 3275 522 3340 Membrana
546 3267 678 3360 codicis
703 3273 771 3334 alta
792 3281 864 3357 est,
885 3277 930 3338 ad
954 3293 1153 3339 mensuram
1174 3275 1275 3360 pedis
1299 3275 1404 3366 Regii
1428 3265 1540 3361 Gall,
1564 3282 1684 3346 decem
1704 3283 1885 3370 pollices,·

162 3399 170 3456 ¹,
304 3385 415 3448 lineas
432 3378 613 3460 quinque3
633 3377 812 3459 quaelibet
829 3379 959 3466 pagina
979 3382 1048 3446 lata
1066 3395 1116 3446 est
1132 3384 1281 3467 pollices
1303 3405 1448 3471 novem,
1470 3387 1582 3458 lineas
1599 3401 1689 3456 octo.
1732 3396 1863 3461 Ambae

166 3541 175 3552 .
275 3493 416 3583 -igitur
438 3490 605 3578 paginae,
640 3511 732 3572 quaa
753 3489 862 3554 simul
897 3488 992 3554 risui
1029 3489 1275 3566 subjiciuntur
1305 3496 1472 3578 adaperto
1506 3496 1619 3579 libro,
1656 3499 1746 3563 latae
1780 3513 1864 3571 sunt

161 3647 182 3672 .,
302 3601 460 3668 inuicem
478 3602 602 3684 pedem
624 3619 738 3666 unum
754 3608 788 3664 et
801 3596 1018 3684 dimidium,
1041 3600 1208 3685 pollicem
1233 3601 1381 3688 insuper
1402 3627 1539 3689 uuum,
1559 3607 1672 3673 lineas
1692 3621 1860 3690 quatour3

166 3747 228 3793 ,Ἣ
261 3785 266 3792 ,
302 3723 409 3794 atque
447 3707 597 3805 latitudo
626 3705 710 3776 libri
739 3707 898 3800 adaperti
928 3713 1099 3798 ιιιμιιιιιιιιΙ
1127 3710 1353 3796 altitudinem
1372 3715 1578 3798 [pollicibus
1614 3726 1713 3799 octo,
1756 3716 1887 3784 lineis.

165 3845 218 3900 ,μζ
303 3839 442 3888 novem·
1742 3853 1746 3863 '

203 4005 206 4013 r
238 3971 297 4053 ια)
336 3935 662 4042 Haa‘lnetnbranat
696 3964 823 4033 Illonis
859 3963 969 4032 Cassii
995 3974 1035 4033 ut
1068 3967 1356 4052 antiquissimas,
1391 3977 1425 4040 et
1461 3969 1666 4038 vetustiores
1692 3975 1861 4056 quolibet

159 4131 163 4165 ἶ
300 4076 441 4159 codice,
476 4072 566 4140 mihi
592 4074 750 4140 laudavit
768 4096 824 4138 ιιι
851 4075 1040 4164 multijuga
1060 4079 1263 4158 eruditione
1290 4081 1426 4161 clarus,
1441 4082 1594 4145 Carolus
1608 4078 1747 4167 Hace,
1754 4089 1862 4159 Vina-

188 4277 192 4284 ι
231 4277 235 4286 ι
297 4184 441 4268 riensis,
472 4187 492 4248 l
524 4157 682 4250 custodia
712 4180 948 4250 bibliothecae
985 4186 1119 4252 summi
1150 4187 1345 4252 Galliarum
1381 4188 1627 4277 Imperatoris,
1667 4215 1802 4278 quent,
1828 4197 1860 4260 si

296 4315 416 4362 omnes
445 4311 538 4356 meas
567 4279 720 4356 rationes
750 4293 978 4409 expenderit,
1021 4314 1107 4380 quas
1128 4293 1203 4372 jam
1237 4295 1413 4384 explicare
1446 4297 1553 4364 latius
1589 4300 1749 4386 adnitor,
1786 4324 1859 4370 non

230 4400 462 4486 dubito,
470 4399 660 4470 Vaticano
668 4386 843 4466 calculum
867 4421 939 4466 esse
962 4405 1139 4475 daturum.
1220 4399 1223 4414 '
