4676 5832
889 261 1140 334 ''¹¹¹9'-

155 427 309 510 retentis
332 419 630 526 uniuscujusque
658 416 804 516 verbis,
836 417 1136 523 observatoque,
1159 433 1274 524 prout
1299 421 1371 500 sibi
1397 425 1606 527 videbatur,
1630 427 1845 539 temporum

158 555 311 646 ordine,
348 559 614 648 coagmentare
646 547 888 640 instituisset,
912 548 1119 624 absurdum
1149 563 1243 643 erat,
1275 576 1371 648 quae
1405 556 1427 626 a
1460 557 1608 634 duobus
1639 567 1701 640 vel
1727 567 1846 643 tribus

157 681 220 756 vel
234 679 280 760 ab
299 675 479 754 omnibus
495 675 609 750 relata
622 684 720 765 sunt,
747 672 894 748 duabus
912 672 1076 750 ternisve
1099 672 1246 749 vicibus
1258 687 1432 776 'repetere
1443 706 1455 773 ;
1481 680 1607 780 itaque
1626 686 1666 762 in
1680 661 1850 770 commu-

154 803 269 880 nibus
299 797 490 903 ejusmodi
520 797 797 872 narrationibus
823 797 1016 872 Matthaeo
1046 791 1259 889 obsecutus,
1280 798 1328 870 ad
1356 801 1564 900 marginem
1587 809 1711 882 solum
1733 783 1872 893 aduc-¹

155 926 272 1021 tavit,
318 950 397 1024 quo
429 927 515 1002 loco
546 923 651 1026 apud
690 921 857 1021 reliquos
895 921 1027 996 eadem
1059 918 1346 996 invenirentur:
1389 927 1494 1024 qnod
1523 925 1607 1003 fieri
1645 937 1845 1037 nequibat,

155 1053 253 1151 quin
287 1051 569 1148 evangeliorum
598 1048 688 1123 libri
720 1049 760 1124 in
786 1047 971 1148 quaedam
1007 1043 1170 1145 capitula
1197 1046 1481 1128 dissecarentur.
1525 1053 1597 1124 Pro
1622 1055 1724 1134 hisce
1749 1065 1847 1164 capi-

154 1177 246 1250 tulis
290 1199 355 1251 seu
390 1176 621 1253 sectionibus
670 1173 850 1274 deinceps
898 1174 1027 1248 seculo
1064 1169 1133 1249 IV.
1171 1169 1360 1246 Eusebius
1414 1172 1674 1252 Caesareensis
1714 1184 1846 1264 decern

156 1321 321 1378 canones
351 1301 667 1378 siveslaterculos
695 1325 778 1374 non
811 1296 894 1373 sine
925 1293 1101 1372 acumine
1135 1295 1378 1390 excogitavit,
1421 1300 1469 1371 ad
1508 1327 1604 1399 quos
1638 1303 1847 1410 subscripta

154 1451 317 1502 nurnero
338 1426 495 1526 capituli
519 1439 609 1503 nota
631 1426 810 1500 lectorem
835 1424 1043 1520 relegaret,
1069 1410 1254 1520 cujusque
1280 1423 1354 1520 op'e
1380 1419 1566 1499 inveniret
1593 1425 1634 1500 in
1662 1430 1849 1508 laterculis

151 1525 438 1650 consignatum,
464 1574 562 1652 quae
581 1555 611 1648 ,a
646 1549 820 1640 duobus,
847 1547 868 1618 at
894 1545 1039 1638 tribus,
1064 1545 1128 1618 vel
1151 1543 1199 1618 ab
1230 1545 1407 1620 omnibus
1433 1561 1650 1649 pertractata
1674 1567 1779 1651 sunt,
1811 1569 1854 1638 et

147 1674 193 1754 in
220 1703 296 1778 qua
322 1673 524 1782 cnjuslibet
550 1673 715 1754 sectione
740 1669 973 1752 narrationes
997 1669 1069 1745 hae
1098 1671 1298 1772 parallelae
1322 1671 1596 1750 contineantur.

297 1903 358 1976 Ex
395 1903 463 1974 illo
498 1897 578 2001 jam
609 1913 782 1998 tempore
822 1892 1100 1997 Ammonianae
1136 1894 1321 1970 sectiones
1356 1921 1598 1999 canonesque
1639 1904 1848 1986 Eusebiani

147 2023 434 2122 exemplaribus
463 2022 748 2118 evangeliorum
776 2021 914 2119 passim
945 2015 1103 2116 adjungi
1134 2037 1352 2116 coeperunt.
1411 2025 1619 2102 Enimvero
1648 2032 1848 2133 scriptores

149 2148 246 2221 huic
283 2143 392 2220 aetati
423 2170 603 2244 suppares
635 2145 682 2218 dc
716 2144 760 2216 iis
789 2155 966 2239 tanquam
1003 2141 1050 2214 de
1084 2164 1124 2215 re
1153 2143 1364 2238 loquuntur
1395 2171 1465 2218 usu
1497 2161 1534 2222 et
1568 2156 1846 2234 consuetudine

151 2282 381 2370 propagata,
418 2283 454 2343 et
484 2269 591 2359 quasi
618 2267 666 2340 de
692 2264 837 2360 vulgari
865 2265 1025 2363 quadarn
1051 2277 1089 2338 et
1112 2265 1337 2366 praescripta
1367 2268 1626 2367 dimensione,
1653 2277 1700 2350 ad
1729 2282 1851 2377 quam'

152 2389 347 2488 evangelia
382 2397 667 2462 mensurantur:
708 2385 893 2484 quatuor‘,
934 2387 1137 2483 inquiunt,
1173 2389 1285 2462 nobis
1321 2405 1409 2464 sunt
1447 2398 1653 2492 eriangelia¹
1678 2402 1845 2500 capitum
1966 2402 1971 2410 ’

148 2517 255 2592 mille
281 2525 435 2590 centurn
466 2511 655 2608 sexaginta
690 2509 878 2600 duorum,
918 2533 1015 2611 quae
1041 2513 1089 2586 ab
1114 2511 1222 2586 initio
1253 2513 1300 2586 ad
1333 2511 1448 2589 finem
1483 2541 1604 2615 usque
1634 2505 1843 2604 doctrinam

150 2639 223 2716 filii
247 2641 295 2713 de
317 2647 420 2737 patre
445 2634 704 2727 annunciant,
729 2634 857 2721 rete)
908 2632 1099 2732 Quinimo
1131 2635 1391 2737 Hieronymus
1423 2637 1574 2716 labente
1601 2639 1737 2738 {seculo
1769 2649 1840 2724 hos

152 2785 315 2842 canones
343 2758 421 2862 jam
456 2760 561 2859 apud
595 2759 732 2834 latinos
767 2757 916 2832 civitate
949 2756 1125 2852 donavit,
1167 2775 1204 2836 et
1227 2761 1394 2836 versioni
1426 2787 1559 2840 eorum
1590 2767 1778 2846 adnexuit
1791 2771 1842 2860 21)

151 2893 395 2994 Quapropter
419 2884 550 2988 abesse
578 2887 745 2958 anostro
764 2882 894 2958 codice
913 2905 993 2956 non
1013 2896 1186 2979 poterant
1205 2885 1388 2984 amplius,
1414 2887 1487 2962 nisi
1507 2892 1744 2970 antecederet
1768 2899 1842 2974 hoc

147 3041 309 3106 aevum,
348 3037 428 3111 quo
454 3035 535 3083 non
563 3013 687 3082 solum
714 3008 818 3108 apud
849 3031 1020 3104 graecos,
1062 3010 1263 3086 sedetiam
1291 3013 1394 3112 apud
1419 3000 1557 3089 latinos
1585 3017 1841 3106 invaluerunt.

149 3139 302 3215 Abeunt
317 3161 410 3212 vero
437 3135 623 3224 omnium
660 3131 810 3229 aliaque
834 3131 874 3204 iu
901 3154 948 3205 eo
973 3128 1111 3207 divisio
1137 3136 1454 3234 deprehenditur,
1497 3136 1603 3240 cujus
1637 3142 1700 3216 bic
1724 3143 1842 3222 breve
1925 3207 1931 3214 .

19 3339 24 3352 .
149 3278 373 3359 exhibemus
392 3276 608 3378 specimen:
635 3271 806 3352 aMatsh.
826 3271 855 3342 l.
874 3295 910 3348 v.
933 3263 968 3349 6.
985 3268 1119 3374 incipit
1141 3292 1253 3379 caput
1270 3263 1309 3372 tl,
1335 3301 1403 3354 seu
1420 3279 1642 3356 secundum.
1659 3271 1689 3356 f
1704 3281 1841 3382 incipit

210 3523 269 3605 sc)
311 3518 488 3603 Epiphsn·
519 3513 799 3590 annunciant.
831 3514 883 3584 50·
916 3503 1073 3620 τέο-σῳ
1104 3509 1193 3596 aad
1223 3512 1442 3620 ἐυαγγίλια,
1486 3525 1687 3621 κεφαλῶν
1720 3529 1839 3618 marias

277 3626 402 3713 teani
437 3623 593 3728 iiiluna
625 3623 697 3724 dcl,
737 3631 796 3706 sal
823 3621 1000 3726 m‘siexic
1030 3613 1090 3718 lus
1122 3628 1236 3724 τέλους
1265 3629 1431 3728 ἐλάλησεν
1466 3639 1482 3714 ὅ
1528 3630 1609 3732 incl,
1648 3642 1707 3716 eal
1748 3635 1841 3740 apoc*

277 3743 372 3828 ἀυτὴ
394 3752 411 3825 0‘
437 3741 566 3846 muel,
610 3747 739 3810 Eadem
762 3747 1032 3830 promemodum
1055 3753 1158 3814 verba
1188 3753 1271 3818 aide
1299 3757 1395 3836 apud
1418 3751 1643 3837 Caesarium,
1673 3755 1838 3839 Gregorii

279 3865 484 3929 Nazianceni
507 3864 662 3946 fratrem,
683 3863 832 3950 Dialogo
855 3867 879 3929 Ι.
902 3862 1101 3947 interregat.
1128 3867 1280 3934 XXXIX.
1304 3865 1341 3928 in
1364 3875 1495 3930 auctar.
1519 3865 1724 3939 bibliothec.
1746 3874 1838 3944 Patr.

279 3968 522 4054 Prontoducei.
545 3973 646 4037 Tum.
666 3973 692 4042 1.
718 3983 750 4035 et
764 3973 862 4057 apud
879 3972 1093 4036 Gallandum
1118 3971 1284 4042 biblioth.
1311 3976 1402 4037 Patr.
1423 3976 1462 4042 Τ.
1488 3977 1548 4041 Vl.

210 4151 268 4234 ar)
311 4153 517 4240 Hieronym.
546 4150 647 4237 epist.
678 4154 721 4216 ad
747 4155 884 4220 Damas.
917 4157 1075 4217 canones
1105 4174 1269 4234 quoque,
1298 4172 1384 4234 quos
1406 4151 1576 4217 Eusebius
1598 4157 1836 4223 caesareensis

274 4261 478 4348 Episcopus,
500 4261 778 4327 Alexandrinum
800 4272 968 4342 sequutus
982 4258 1223 4332 Ammonium,
1243 4259 1280 4323 in
1304 4264 1422 4324 decern
1448 4281 1611 4325 numeros
1633 4260 1832 4350 ordinavit,

269 4367 360 4438 sicut
380 4369 421 4435 in
444 4387 570 4454 graeco
590 4371 767 4434 habentur
786 4371 1019 4452 expressimus
1037 4377 1101 4442 etc,
1124 4366 1207 4436 edis.
1230 4367 1391 4438 Valarsii.
1412 4371 1451 4439 T.
1472 4393 1506 4443 x,
1527 4393 1563 4457 p,
1587 4371 1659 4448 664.
1780 4447 1783 4452 ἱ
