4676 5832
868 311 1119 386 -15-

156 531 338 612 quorsum
377 490 619 604 relerendum
654 495 709 578 esi
736 541 781 562 -
809 527 826 578 r
851 485 1122 595 ι’φελκυπικδν,
1167 495 1383 600 saepissime
1408 497 1536 580 invitis
1572 501 1835 604 grammaticae

147 634 299 730 legibus
324 629 507 706 additum.
561 627 669 702 Haec
693 627 883 702 cacoethia
910 625 1046 728 iterum
1071 622 1226 699 recurrit
1253 622 1294 698 in
1320 623 1552 728 Aegyptiace
1583 637 1834 702 monumento

103 833 108 846 ,
152 779 300 853 macco,
319 753 390 828 cui
417 753 466 826 ad
493 754 590 826 latus
607 751 809 849 respondet
827 749 952 827 versio
974 749 1132 824 dialecto
1157 747 1348 824 Thebaica
1376 749 1623 842 concinnata,
1650 748 1834 852 cujusque

7 879 15 896 “
154 878 336 954 editorem
363 875 492 976 ipsum
519 899 563 950 ea
592 873 640 948 de
659 899 698 950 re
713 864 829 976 ‘juvat
853 873 1044 950 dicentem
1071 873 1228 964 audire,
1262 899 1350 950 cum
1375 871 1550 954 Vaticani
1577 873 1666 950 libri
1689 900 1833 952 morem

150 1023 219 1076 sua
250 999 399 1078 chartae
427 997 639 1075 Thebaicae
674 998 924 1100 descriptione
951 998 1060 1098 quasi
1093 997 1293 1098 depingat:
1318 1023 1433 1094 „non
1451 997 1585 1075 inutile
1615 999 1685 1075 erit
1711 999 1835 1076 obser·

152 1117 403 1225 „vasse,'ajt,
439 1153 455 1199 a
486 1111 742 1221 ἰφελειυστικοδ,
784 1123 888 1222 quod
915 1105 1005 1200 cirm
1036 1121 1125 1200 heic
1156 1133 1237 1198 tum
1270 1121 1363 1198 alibi
1398 1122 1627 1222 saepissime,
1648 1123 1690 1201 in
1720 1119 1833 1226 hujus

154 1246 376 1344 „fragmenti
393 1252 569 1350 exemplo
589 1249 758 1328 additum
782 1247 945 1326 occurrit
961 1247 1213 1340 ,verbo-iarn
1259 1259 1297 1324 et
1322 1247 1451 1323 tertiae
1477 1247 1615 1348 cuique
1649 1271 1833 1346 personae

155 1370 363 1470 „praeteriti
394 1372 571 1472 perlecti,
610 1355 724 1484 atque
760 1373 890 1448 aoristi
926 1373 1149 1472 singularis,
1187 1373 1333 1449 etiamsi
1366 1374 1509 1466 littera,
1538 1397 1635 1470 quae
1665 1371 1835 1471 sequitur

153 1519 343 1588 „consona
372 1497 440 1591 sit,
466 1511 595 1574 contra
623 1525 737 1600 quam
761 1497 938 1596 hodierni
962 1521 1125 1574 canones
1156 1495 1281 1574 serunt
1310 1521 1465 1596 graecae
1491 1494 1772 1594 grammaticae,
1798 1503 1835 1570 et

147 1619 486 1721 ,‚orthographiae“
500 1624 562 1705 Η).
594 1620 825 1726 Aegyptium
849 1645 941 1702 vero
957 1621 1098 1698 codicis
1116 1621 1292 1704 Vaticani
1319 1621 1515 1698 librarium
1540 1620 1696 1722 propius
1713 1617 1835 1717 arguit
1953 1635 1959 1654 ⁴

69 1777 77 1790 =
150 1740 351 1839 singularis
378 1745 644 1848 orthographia
664 1747 708 1824 in
744 1746 904 1824 vocibus
937 1736 1130 1843 rodenda,
1172 1737 1359 1844 nadair-9¹.
1398 1743 1618 1846 ληφθῃιτω
1641 1757 1709 1822 etc.
1737 1767 1835 1843 quae

149 1861 229 1940 sere
251 1891 402 1970 semper
429 1872 647 1946 scribuntur
668 1859 879 1974 συλλημψη,
904 1863 1119 1975 >opiter-la,
1155 1871 1429 1976 λημφθηπτω,
1467 1867 1699 1971 hippium,
1726 1868 1832 1968 reliq.

149 1989 261 2066 Haec
292 1993 485 2066 anomalia
519 2019 601 2066 non
624 2019 705 2068 uno
738 1997 967 2074 documento
997 1999 1193 2102 Aegyptiis
1232 1999 1441 2090 addicitur3
1480 1994 1706 2076 nominatim
1742 2017 1834 2069 vero

149 2110 365 2206 fragmento
393 2107 608 2190 litaniarum
634 2117 777 2192 Graeco
794 2117 1094 2192 -nebaicarum
1120 2122 1243 2192 musei
1266 2121 1447 2215 Borgiaui
1461 2171 1473 2210 ‚
1498 2120 1539 2192 in
1567 2117 1705 2216 quibus
1728 2143 1836 2194 voca·
1891 2129 1894 2137 “

152 2235 291 2316 bulum
317 2233 522 2338 anamim
552 2238 700 2338 saepius
721 2235 918 2336 repetitum
940 2263 1094 2340 semper
1122 2230 1372 2342 ωντιλημψιως,
1399 2254 1435 2319 et
1461 2229 1687 2342 αντιλιμψεως
1709 2239 1835 2315 scribi·

151 2379 215 2443 tur
229 2368 278 2450 ¹²)
326 2367 458 2440 Simile
485 2363 736 2452 vocabulum,
762 2351 1018 2472 suptraendum·
1044 2363 1087 2439 in
1109 2363 1281 2464 linguam
1302 2367 1468 2469 Aegypti
1490 2363 1697 2466 adoptione
1722 2366 1835 2438 intro·

149 2493 303 2568 ductum
327 2486 428 2560 hanc
449 2479 764 2560 consuetudinem
788 2488 911 2579 gentis
935 2483 1117 2580 affimat,-
1152 2489 1195 2562 in
1222 2487 1362 2562 missali
1390 2489 1651 2572 Alexandrino
1678 2489 1835 2586 legitur,

84 2631 87 2642 ⁴
148 2618 256 2718 quod
287 2641 336 2691 ex
372 2609 521 2686 defectu
554 2605 760 2680 litterarum
795 2603 1038 2706 Coptiearum
1068 2609 1221 2688 Graecis
1260 2611 1530 2713 exprimimus:
1583 2602 1837 2712 ενμετοιλυμψις

147 2754 387 2844 nemeaea,
413 2734 437 2808 i.
458 2758 491 2812 e.
516 2729 700 2804 auxilium
728 2740 765 2803 et
786 2730 946 2806 medela.
964 2727 1013 2832 13)
1063 2733 1175 2808 Plura
1203 2735 1364 2810 memini
1396 2735 1492 2810 mihi
1518 2734 1711 2812 obcurisse
1742 2761 1836 2836 ejus-

149 2867 259 2949 modi
275 2863 447 2961 exempla
462 2857 505 2931 in
521 2852 676 2955 copticis
693 2852 878 2952 liturgiis,
904 2879 1002 2954 quae
1020 2859 1137 2933 modo
1161 2858 1386 2956 investigare
1408 2886 1491 2936 non
1510 2873 1566 2938 est
1582 2861 1623 2936 in
1644 2874 1834 2961 promptu.
1892 2915 1897 2931 i
1944 2845 1948 2852 ’

148 2997 243 3076 Non
276 2991 443 3066 alienum
480 2993 609 3061 tamen
649 2977 719 3056 erit
758 2977 821 3055 hic
853 2978 1083 3079 admonere,
1127 2995 1327 3084 utramque
1368 2985 1706 3078 consuetudinem,
1755 2998 1838 3060 tum

151 3119 281 3224 quoad
303 3143 349 3192 ,μ
371 3093 664 3206 apamensis,
699 3113 781 3176 tum
811 3104 911 3180 hanc
937 3105 1056 3181 modo
1081 3119 1347 3201 memoratam,
1385 3111 1498 3186 etiarn
1528 3109 1569 3188 in
1591 3109 1723 3188 codice
1753 3111 1840 3186 Ale·

150 3242 340 3330 xandrino
363 3219 630 3326 observari,¹⁴)
668 3245 705 3306 et
729 3225 891 3330 proinde
924 3231 1029 3308 hunc
1055 3242 1093 3305 et
1118 3229 1347 3312 Vaticanum
1379 3255 1624 3342 communem
1658 3235 1838 3340 nascendi

217 3437 386 3524 11)Aug.
410 3434 489 3500 Ant.
508 3423 653 3513 Georgii
680 3428 925 3510 Fragmentum
948 3421 1130 3508 Evangelii
1154 3428 1189 3492 S.
1211 3423 1359 3490 loannis
1385 3425 1839 3512 Graeco-Copto-Tlrebai-

278 3565 371 3615 cum.
413 3543 455 3604 In
478 3559 554 3623 cap.
582 3537 629 3604 v1
648 3532 820 3598 variantes
841 3535 920 3603 lect.
945 3541 979 3598 et
1001 3541 1114 3602 notae.
1141 3553 1221 3620 pag.
1246 3536 1298 3615 67.

120 3681 125 3694 ⁸
162 3708 195 3779 ι
224 3695 276 3775 ra)
320 3685 450 3772 Georgi
488 3687 684 3770 Fragment.
720 3683 851 3769 Evang.
878 3685 914 3746 Β.
944 3683 998 3748 Jo.
1029 3681 1585 3769 Graeco-Copto-Thebaicum,
1621 3679 1659 3743 in
1686 3685 1839 3765 adpend.

197 3842 209 3884 ι
277 3801 397 3884 liturg.
421 3795 645 3878 fragmentor.
668 3805 703 3876 p.
720 3790 793 3872 358.
812 3792 863 3874 ⁵9·
882 3794 953 3863 36a.
980 3793 1019 3870 64
1038 3797 1072 3853 et
1085 3793 1136 3863 66.
1156 3791 1279 3856 conler
1296 3787 1400 3857 etiam
1430 3807 1520 3869 quae
1545 3786 1584 3850 in
1601 3790 1698 3852 hunc
1717 3791 1839 3854 locum

283 3901 474 3975 observavit
491 3923 528 3986 p.
550 3902 623 3972 385.

224 4093 278 4175 13)
319 4091 347 4160 1.
383 4089 438 4157 Al.
466 4086 693 4164 Assemanus,
728 4081 838 4145 codex
876 4081 1005 4154 Eccles.
1037 4077 1136 4148 univ·
1165 4077 1322 4166 liturgic.
1357 4081 1395 4146 L.
1423 4030 1519 4146 vni.
1550 4079 1641 4144 Pars.
1672 4081 1713 4148 V.
1746 4080 1840 4148 miss,

282 4189 750 4277 Alexandrino-Copticum.
773 4209 809 4272 p.
835 4193 884 4258 rs.

221 4383 278 4466 at)
321 4382 432 4446 carol.
460 4374 606 4442 Godolr.
626 4367 769 4436 ‘Woidii
796 4367 922 4433 notitia
950 4326 1028 4440 cod.
1063 4370 1160 4436 Alex.
1188 4363 1273 4429 edit.
1303 4361 1448 4450 apohnii
1482 4361 1577 4447 Llps.
1613 4371 1702 4442 ηδε.
1731 4363 1760 4443 §,
1789 4370 1839 4442 58,

230 4509 234 4522 .
289 4514 323 4577 p·
344 4511 413 4570 107·
434 4519 477 4536 ..
494 4479 640 4568 „scribit
659 4523 717 4552 ...
744 4481 875 4549 codex.
892 4469 1156 4580 ...λημψοῆω
1182 4493 1287 4542 marc.
1310 4473 1400 4542 xlv.
1424 4489 1472 4550 ¹4·
1501 4469 1712 4572 mgpffip
1734 4475 1846 4544 Mam
