4676 5832
905 321 1127 410 ..,..-.

162 531 257 614 artit'
278 512 425 604 ctilica'e
448 488 592 619 pel-itus
620 477 998 601 nemo'adqulesces,
1037 495 1129 569 dum
1163 489 1393 600 comparatio
1421 469 1649 574 instituenda
1682 508 1737 576 est
1765 469 1862 580 inter

156 657 398 734 *diversorum
421 613 933 718 seculorumcharscteres,
976 631 1163 720 atquem
1193 613 1327 698 eorum
1361 610 1563 698 collatione
1598 627 1860 720 statuendum,

166 784 229 861 ,ed
255 775 435 876 exposcet
459 765 533 840 sibi
562 763 611 835 ob
639 761 772 834 oculos
801 749 896 854 poni
921 747 1132 847 genuinum
1170 773 1213 824 ac
1238 744 1409 824 nativum
1444 749 1664 849 calligraphi
1692 750 1860 830 ductum.

166 909 298 1010 Quare
325 897 406 972 duo
435 865 523 967 loca
544 883 640 991 m·
665 880 804 977 selegi,
842 898 940 976 quae
963 874 1022 949 bis
1047 885 1266 968 occurrunt,
1305 885 1343 950 et
1368 899 1466 977 quse
1493 877 1659 954 secunda
1677 877 1762 956 rice
1791 903 1860 979 poc

163 1051 333 1108 errorem
367 1015 499 1116 scripta
527 1015 666 1087 intacta
697 1006 932 1104 reliquerunt
957 1025 1091 1074 manus
1128 1000 1375 1102 posteriores,
1417 1001 1549 1078 labore
1573 991 1861 1105 supersedentes

164 1146 329 1231 delenda
351 1137 605 1240 bastaurandi3
632 1158 755 1207 unum
784 1117 832 1204 ex
857 1127 916 1204 Jo.
945 1125 1058 1201 Xlll.
1092 1139 1155 1219 143
1189 1131 1349 1201 alterurn
1382 1151 1430 1214 ex,
1457 1127 1565 1201 Pauli
1593 1128 1641 1202 ad
1662 1129 1858 1217 Romanos

169 1275 329 1376 epistota
371 1267 439 1346 lV.
468 1285 503 1354 4.
526 1259 780 1345 desumunt,
831 1273 927 1352 quae
962 1250 1003 1325 in
1036 1249 1157 1329 lronte
1187 1249 1301 1354 hujus
1339 1254 1633 1352 pertractationis
1665 1247 1863 1356 proposui.

165 1401 222 1478 Ea
240 1399 422 1496 scalptos,
460 1388 493 1461 si
521 1406 601 1460 non
623 1382 672 1456 ad
699 1379 840 1468 hilum,
868 1375 970 1450 haud
994 1377 1168 1480 imperite
1197 1391 1323 1453 ta'men
1353 1375 1516 1454 laminae
1543 1379 1750 1480 inscripsit;
1779 1407 1856 1478 quo

163 1551 257 1608 ηοω
281 1548 396 1624 quam
421 1511 594 1616 proxime
621 1508 671 1584 ad
695 1501 1109 1604 exemplaris¹·speciem
1133 1501 1382 1593 accedamus,
1418 1527 1515 1602 opus
1542 1501 1611 1576 erit
1634 1503 1861 1600 cogitatione

161 1653 298 1735 litteris
321 1621 507 1754 pallorem
526 1639 707 1747 adjicere,
734 1649 771 1756 et
791 1659 879 1714 eum
910 1633 1088 1736 quidem,
1127 1648 1169 1709 ut
1195 1633 1273 1711 lere
1310 1635 1509 1711 oculorum
1538 1632 1657 1712 aciem
1678 1609 1862 1733 subterlu-

160 1782 277 1883 giant.
639 1763 643 1772 ¹
803 1778 807 1791 '
846 1782 849 1794 '
967 1875 972 1887 q
1846 1871 1852 1884 ὓ

315 1948 456 2028 Codex
473 1949 670 2026 manifeste
694 1949 839 2035 niallam
863 1941 997 2018 habuit
1013 1914 1371 2040 interpunctionem.
1423 1927 1576 2005 Etenim
1593 1933 1736 2011 nedum
1755 1909 1862 2014 finita

161 2053 352 2156 ⁸orationis
378 2073 494 2176 serie,
519 2069 586 2144 ubi
604 2070 669 2145 illa
687 2067 811 2166 spatio
838 2071 1148 2142 vacuonotatur,
1173 2067 1360 2148 quantum
1385 2053 1604 2130 dimidiaet
1629 2062 1862 2160 quandoque

169 2208 315 2300 integra
349 2199 469 2274 littera
503 2197 693 2292 expleret3
728 2188 871 2262 nedum
901 2183 956 2256 ibi
987 2174 1188 2271 vestigium
1225 2170 1384 2272 alicujus
1426 2176 1751 2279 puncti.adparet.
1813 2186 1863 2258 Et

169 2321 396 2427 posteriores
426 2318 593 2406 librarii,
622 2313 688 2408 qui
710 2321 918 2386 stramento
948 2329 1054 2380 noro
1081 2299 1253 2376 codicem
1280 2297 1558 2390 oblitterarunt,
1584 2307 1754 2404 nonnisi
1778 2335 1861 2386 raro

168 2448 251 2526 ausi
275 2453 362 2518 sunt
388 2431 445 2512 illi
474 2435 627 2531 signum
650 2433 810 2530 aliquod
835 2425 1086 2506 distinctionis
1109 2422 1301 2504 adiicere.
1335 2417 1372 2492 A
1397 2421 1579 2496 Matthaei
1600 2425 1708 2499 initio
1740 2426 1862 2532 usquc

165 2575 215 2652 ad
239 2563 365 2669 capud
388 2561 527 2640 Vl¹1ml
548 2565 712 2654 quatuor
735 2562 884 2627 tantum
905 2555 1046 2648 puncta
1077 2555 1280 2618 occurrunt
1294 2569 1305 2632 ;
1331 2539 1583 2640 frequentiora
1605 2552 1752 2628 suntin
1772 2558 1862 2636 actis

168 2693 452 2798 apostolorum,
493 2677 614 2778 eapite
646 2675 886 2776 potissimum
914 2667 1124 2746 xx1V.ec
1150 2665 1271 2742 XXV.
1341 2665 1414 2740 Sed
1445 2679 1692 2747 atramentum
1719 2680 1766 2752 ab
1793 2683 1860 2759 illo

169 2818 418 2896 intermortuo
442 2816 479 2880 et
494 2803 691 2904 primaevo
714 2802 829 2897 longe
853 2797 1046 2920 diversum
1068 2795 1202 2868 harum
1227 2793 1514 2868 distinctionum
1537 2795 1723 2894 originem
1741 2811 1864 2905 arguit

168 2943 291 3019 multo
312 2911 518 3034 juniorem.
570 2924 700 2999 Exstat
735 2922 889 3050 nonnisi
914 2925 1021 2997 locus
1051 2921 1187 2998 unicus
1215 2920 1265 2992 ll.
1293 2917 1380 2994 Cor.
1404 2920 1477 2992 lll.
1510 2922 1566 2996 rb.
1594 2922 1651 2998 bis
1678 2931 1874 3032 scriptus„

168 3087 284 3166 quem
321 3047 596 3130 secundarios
627 3045 828 3146 repetitum
868 3046 1094 3128 recentiores
1126 3045 1270 3122 scribae
1300 3069 1382 3119 non
1419 3045 1643 3144 attigerunt,
1683 3055 1744 3132 cui
1781 3059 1862 3162 ipsa

167 3185 290 3292 prima
312 3199 445 3253 manus
464 3182 648 3273 punctum
671 3167 818 3245 addidit
834 3169 908 3244 hoc
932 3169 1009 3246 sere
1027 3170 1145 3244 modo
1163 3175 1583 3258 ΑΠΩΝΚΕΙΤΑΙἩΝΙΚΑς
1611 3199 1756 3272 verum,
1772 3215 1859 3268 cum
1938 3157 1945 3168 ⁸

167 3315 349 3404 vergente
371 3297 420 3372 ad
450 3293 567 3372 linem
596 3293 718 3394 spatio
743 3295 887 3372 litterae
914 3305 1059 3395 praeter
1089 3317 1233 3369 morem
1258 3304 1550 3389 coarctarentur,
1590 3323 1689 3398 opus
1714 3324 1791 3381 erat
1815 3337 1863 3392 ω

166 3435 276 3520 loco,
304 3425 370 3525 qui
386 3419 465 3525 jam
490 3418 602 3494 solito
628 3413 818 3524 difficilior
841 3432 1031 3512 evaserat,
1070 3419 1260 3514 indicare,
1295 3447 1369 3520 qua
1396 3419 1602 3499 rationein
1629 3425 1700 3507 hac
1726 3402 1863 3536 cange.

166 3557 292 3635 stione
321 3538 527 3626 litterarum
555 3565 669 3622 voces
697 3541 896 3647 sejungere
924 3548 1113 3644 oporteat,
1148 3567 1270 3621 neers
1299 3544 1524 3621 obscuritate
1545 3547 1716 3627 lectionis
1739 3557 1866 3661 conje-

43 3768 48 3780 ,
171 3695 296 3759 sturae
326 3684 589 3775 praeposterae
613 3682 651 3744 et
679 3692 821 3745 errores
844 3666 1086 3743 librariorum
1112 3682 1396 3764 enascerentur,
1423 3669 1491 3767 qui
1516 3667 1613 3747 sorte
1636 3675 1711 3756 hoc
1740 3703 1865 3761 exem..

165 3779 255 3905 ⁴piar
278 3801 318 3877 in
337 3807 535 3900 posterum
552 3791 869 3878 transscriberent.

322 3999 382 4072 De
403 3991 621 4072 accentibus
642 4016 735 4071 vero
760 4005 797 4070 et
811 3991 1013 4094 spirituum
1036 3990 1151 4092 signis
1176 3987 1299 4095 major
1320 4003 1375 4068 est
1397 3993 1578 4092 quaestio.
1631 3995 1670 4069 Si
1688 4000 1863 4082 audimus

175 4119 315 4199 clariss.
339 4119 558 4212 Eircbium,
583 4117 758 4216 aprima
780 4129 900 4192 monn
920 4098 1065 4192 'litteris
1090 4133 1182 4192 sunt
1205 4118 1380 4218 impositi
1391 4146 1401 4208 ;
1430 4131 1465 4195 et
1483 4099 1570 4196 licet
1587 4145 1667 4197 non
1689 4123 1867 4206 instaura·

172 4257 326 4336 rentur,
371 4255 495 4320 tamen
525 4251 684 4328 aetatem
708 4228 897 4318 tulerunt:
946 4241 1140 4359 bittcrae,
1177 4245 1267 4339 ait,·
1292 4271 1370 4320 non
1401 4261 1580 4322 occentus
1614 4263 1649 4322 et
1677 4249 1865 4351 spiritus,

176 4382 391 4443 atramento
421 4369 561 4456 iterum
589 4370 774 4442 obdrrctoe
793 4367 987 4466 suerunt,
1021 4395 1109 4444 cum
1134 4366 1337 4468 antiquior
1369 4368 1568 4468 scriptura
1597 4385 1720 4446 aetate
1741 4377 1868 4470 flave-

174 4517 275 4569 scere
297 4491 508 4593 incepisset.
562 4493 750 4592 Quamvis
770 4491 898 4568 mirari
924 4488 1008 4591 quis
1027 4505 1179 4594 posset,
1204 4519 1272 4568 cur
1294 4495 1606 4570 evanescentibus
1628 4493 1705 4568 lere
1721 4495 1866 4595 litteris,

1226 4644 1247 4692 a
