4676 5832
1081 285 1458 351 ,μω-ιιι

473 447 743 564 ¹minutissima
778 449 1004 528 accentuum
1039 448 1269 532 lineamenta
1306 473 1407 548 non,
1431 439 1712 550 disperiissenl,
1745 447 1932 541 ⁴addicent
1972 449 2111 534 ‘tamen'
2132 457 2183 542 ie

494 599 695 677 persuasus
723 547 878 670 accdssi,
901 588 1014 674 atque
1031 577 1171 666 evolvi,
1196 575 1342 652 etiamsi
1365 585 1613 676 atramentum
1637 580 1864 678 plerumque
1883 578 2181 678 spissiusprirno

497 698 637 774 intuitu
651 726 695 775 ac
715 703 902 778 recentius
923 702 1127 801 adpareret,
1151 703 1331 776 collatum
1353 727 1442 776 cum
1464 702 1593 776 colore
1619 701 1828 778 litterarum
1851 713 1889 779 et
1905 727 2064 797 vocum,
2090 669 2187 804 quae
2235 781 2237 788 ,

496 825 703 898 secundans
736 853 893 902 manum
917 851 998 901 non
1025 837 1114 901 sunt
1143 839 1327 928 expertae.
1390 826 1638 926 Posteaquam
1665 851 1759 964 vv
1784 826 1911 904 vitreis
1936 830 2098 905 ¹oculum
2124 832 2187 908 ad·

492 941 600 1048 juvi,
627 947 821 1068 diversitas
850 949 1049 1028 atramenti
1078 953 1199 1024 multo
1225 949 1433 1026 distinctius
1459 976 1500 1028 se
1525 950 1717 1051 .prodidit;
1746 953 1851 1050 quod
1867 963 1995 1028 autem
2014 954 2183 1030 medium

478 1073 665 1147 'colorem
688 1089 812 1152 servet
845 1077 944 1152 inter
968 1087 1196 1176 utrumque,
1239 1073 1468 1186 viridiorem
1488 1075 1607 1152 veteri
1636 1075 1705 1150 illo
1727 1088 1765 1151 et
1789 1087 1989 1178 emprtuo,
2016 1089 2055 1152 et
2072 1077 2185 1156 habs·

495 1195 630 1274 tiorem
654 1224 784 1304 recens
808 1201 938 1276 litteris
955 1201 1218 1300 superaddito,
1231 1199 1338 1300 ‚ratio
1360 1198 1401 1277 in
1416 1211 1606 1301 promptu
1630 1211 1702 1275 est:
1727 1199 1907 1298 antiquae
1932 1200 2079 1278 litterae
2102 1201 2185 1280 lirn-

494 1323 680 1418 gebantur
701 1327 787 1404 vice
804 1325 936 1421 fundi,
962 1327 1028 1438 cui
1048 1354 1174 1406 novus
1202 1330 1309 1404 color
1331 1325 1622 1424 superinductus
1649 1323 1780 1400 lortius
1811 1325 1969 1419 emicat;
2008 1341 2183 1404 accentus

495 1463 585 1520 vero
610 1461 647 1524 et
670 1451 841 1552 spiritus,
878 1454 1016 1529 codem
1038 1454 1126 1530 licet
1151 1447 1352 1530 recentiori
1373 1459 1582 1550 atramento
1608 1449 1772 1552 depicti,
1806 1451 1998 1526 remissius
2019 1450 2184 1548 fulgent,

497 1596 584 1645 cum
616 1576 726 1649 nullo
753 1577 959 1677 antiquiori
994 1577 1116 1654 fundo
1147 1576 1351 1671 incubent,
1394 1575 1462 1675 qui
1486 1579 1655 1652 colorem
1683 1578 1854 1650 elevaret.
1903 1577 1953 1650 Et
1979 1573 2077 1652 siin
2102 1601 2183 1649 uno

495 1697 690 1803 alteroque
713 1705 820 1800 loco,
845 1709 950 1808 quod
971 1707 1174 1808 praecipue
1196 1699 1343 1777 obtinet
1358 1679 1503 1776 Colossi
1530 1699 1559 1769 l.
1584 1715 1641 1771 aa.
1670 1695 1711 1770 in
1734 1720 1831 1772 voce
1855 1685 1998 1792 capsis,
2024 1699 2182 1796 propius

495 1829 545 1907 ad
569 1835 754 1934 pallorem
776 1835 912 1912 veteris
937 1835 1080 1911 litterae
1098 1831 1303 1929 accedant3
1332 1821 1612 1934 observandum
1635 1831 1711 1914 est,
1737 1816 1901 1892 minutas
1929 1819 2040 1893 hasce
2065 1821 2185 1894 lines·

496 1948 587 2050 ιω]
612 1985 695 2034 non
727 1960 943 2036 exundante
976 1963 1132 2051 calamo,
1162 1955 1233 2033 sed
1262 1949 1410 2052 parcius
1445 1945 1603 2022 intincto
1637 1954 1675 2020 et
1698 1941 1777 2016 acie
1805 1939 1941 2016 calami
1964 1953 2184 2041 prognatos,
2247 1945 2252 1958 '

492 2080 608 2158 initio
635 2082 757 2157 statim
778 2083 1035 2177 languidiores
1059 2105 1160 2165 esse,
1183 2089 1222 2144 et
1243 2077 1402 2168 posthac
1427 2073 1610 2138 maturius
1631 2053 1895 2163 expallescere.
2022 2073 2026 2082 '
2308 2049 2309 2056 i

656 2281 732 2358 Sed
758 2277 856 2355 illud
879 2277 997 2376 magis
1019 2298 1081 2350 me
1106 2265 1308 2370 permovit,
1341 2291 1427 2358 cum
1449 2263 1645 2353 viderem,
1671 2261 1896 2362 ubicunque
1919 2264 2069 2344 nativus
2087 2265 2188 2344 calli·

495 2405 633 2516 graphi
660 2406 793 2476 ductus
820 2403 915 2474 nitet
942 2395 1208 2484 intaminatus,
1233 2398 1271 2462 et
1292 2387 1401 2458 nulla
1428 2379 1577 2452 serioris
1602 2371 1800 2449 atramenti
1829 2373 1992 2448 tinctura
2018 2388 2188 2484 obrutus,

495 2530 542 2641 in
568 2517 750 2624 omnibus
769 2524 815 2600 iis
836 2520 994 2599 vocibus
1018 2530 1057 2591 et
1077 2510 1272 2591 sententiis
1294 2507 1421 2582 nullos
1442 2498 1622 2602 spiritus,
1660 2499 1767 2572 nulla
1790 2495 1941 2596 penitus
1964 2513 2190 2582 accentuum

499 2657 607 2756 signa
638 2645 883 2751 deprehendi.
941 2639 1091 2724 Exinde
1128 2634 1237 2712 facile
1274 2625 1507 2726 augurales,
1551 2624 1650 2710 haec·
1683 2620 1813 2695 omnia
1849 2619 1893 2694 iis
1911 2621 2081 2717 deberi,
2121 2629 2191 2727 qui

498 2781 639 2856 litteras
666 2797 773 2852 novo
808 2769 935 2847 colore
960 2764 1191 2841 imbuerunt.
1250 2757 1362 2834 Iuvat
1387 2752 1482 2828 haec
1509 2752 1595 2826 loca
1620 2747 1665 2826 iu
1689 2745 1763 2824 tres
1790 2747 1923 2824 classes
1957 2745 2192 2850 dispeseere,

503 2901 612 2982 etde
636 2897 795 2998 singulis
821 2919 869 3016 cx
891 2891 1025 2968 ordine
1052 2888 1187 2965 dicere.

649 3114 736 3199 Alia
760 3132 871 3228 sunt,
901 3097 998 3220 quae
1015 3115 1159 3194 habent
1180 3110 1331 3210 signum
1350 3097 1624 3206 reprobationis
1649 3097 1671 3172 t
1695 3097 1817 3199 prima
1840 3122 1957 3174 manu
1980 3093 2189 3201 adjectum

502 3238 578 3329 lroc
612 3251 739 3351 quoad
768 3249 932 3334 litteras,
966 3243 1038 3331 aut
1058 3263 1193 3318 rocem
1222 3231 1401 3320 nonnisi
1423 3228 1598 3320 unicam,
1622 3223 1792 3302 consistit
1818 3223 1859 3298 in
1886 3222 2037 3322 punctis
2060 3225 2193 3304 vertici
2253 3222 2277 3238 “

501 3359 710 3457 litterarum
736 3369 943 3474 impositis,
1004 3390 1102 3465 quae
1132 3363 1172 3440 in
1195 3353 1543 3466 Herculanensibus
1572 3351 1707 3436 chartis
1744 3346 1876 3444 eadem
1918 3343 2194 3446 significatione

505 3483 742 3580 adhibentur.
755 3495 791 3576 8)
849 3478 911 3568 En
936 3490 960 3568 ἐ
981 3500 1112 3565 nostro
1139 3467 1271 3569 codice
1296 3482 1492 3582 exempla,
1523 3477 1583 3554 Jo.
1611 3473 1741 3552 XVII.
1773 3473 1829 3550 15.
1843 3471 2188 3550 nonerors‘tt'tt’ttts

504 3743 510 3754 '
569 3753 603 3837 s)
633 3752 730 3814 Idem
761 3737 1018 3830 reprobationis
1052 3737 1194 3824 signum
1227 3731 1366 3826 saepius
1399 3729 1437 3793 in
1473 3724 1673 3797 Philodemt
1707 3720 1903 3803 exemplare
1934 3710 2189 3778 Herculanensi

632 3855 792 3935 obvenit,
835 3863 940 3934 atque
977 3853 1065 3914 adeo
1105 3845 1234 3910 mirum
1270 3854 1342 3926 est,
1391 3840 1509 3903 virum
1558 3829 1751 3908 eximium,
1805 3827 1976 3887 Joannem
2015 3817 2193 3884 Winckel·

610 4011 613 4020 =
637 3987 765 4046 mann,
788 3975 859 4027 non
872 3956 987 4028 statim
1009 3951 1313 4032 animadvertisse,
1336 3941 1511 4036 quidsibi
1525 3943 1609 4004 haec
1628 3941 1762 4019 puncta
1780 3931 1820 3992 in
1838 3925 2047 3992 Philodemo
2067 3925 2192 3998 velint,

630 4079 756 4140 Versus
773 4089 854 4132 vero
883 4061 1064 4152 Euripidis
1088 4062 1133 4156 ad
1157 4058 1328 4143 parietem
1355 4056 1481 4151 damus
1503 4043 1543 4107 in
1566 4041 1767 4107 Herculsno
1794 4032 1990 4119 adscriptus
2015 4039 2048 4098 st
2071 4052 2191 4098 accen·

629 4181 723 4246 tibus
746 4173 957 4255 instructus,
1610 4211 1615 4224 .

827 4303 872 4388 ὦς
890 4302 922 4376 ἑν
947 4293 1051 4400 aava?
1081 4283 1259 4396 sssdlsupsls
1282 4277 1345 4368 reis
1369 4267 1508 4364 πολλὰ
1531 4275 1646 4394 χεῗρφς
1670 4275 1771 4380 νικςῖ,
2161 4366 2166 4376 ·

635 4429 655 4490 l
691 4419 857 4508 quodam
880 4429 1079 4486 nostrorum
1118 4422 1187 4495 cst,
1229 4407 1294 4491 qui
1327 4401 1415 4472 citr'a
1454 4401 1621 4469 meritum
1658 4399 1739 4465 viro
1775 4389 1976 4478 doctissimo
2011 4387 2190 4496 imposuit.

2178 4749 2189 4785 l
