4676 5832
905 303 1156 381 ...23-

173 445 376 597 primum,
400 483 638 568 secundum:
678 479 877 586 et'reliqui
905 509 1020 586 porro
1040 483 1200 562 numeri
1214 485 1395 566 consueto
1416 487 1549 568 ordine
1572 491 1646 570 sibi
1668 495 1876 577 succedunt

177 641 250 718 per
284 617 458 718 epistolas
498 612 547 688 ad
575 609 863 710 Philippenses,
907 608 1168 706 Colossenses',
1209 629 1246 690 et
1274 615 1628 694 Thessalonicenses
1668 646 1793 720 usque
1825 626 1876 700 ad

182 767 384 819 numerum
411 735 703 836 nonagesimum
727 735 892 828 tertium,
922 735 1058 835 inquo
1077 736 1245 814 subsistit
1262 742 1311 815 ad
1330 739 1875 827 Thessalonicensessecunda.

36 851 40 854 ’
173 869 361 966 lamque,
402 891 492 942 curn
522 883 653 938 omnes
682 883 862 934 numeros
894 861 1156 958 sexagenarios
1186 863 1369 974 interiisse
1403 875 1576 965 putares,
1616 866 1871 970 inexspectato
1999 843 2001 852 ,

169 1000 336 1102 epistola
354 999 404 1071 ad
406 995 646 1100 Hebraeos,
678 1015 776 1092 quae
795 991 979 1132 sequitur·
993 985 1084 1088 (ἓ),
1099 995 1374 1094 sexagesimum
1399 1009 1513 1096 caput
1539 996 1640 1072 iuxta
1670 1003 1872 1080 exordium

174 1127 401 1200 adnotatum
427 1120 607 1210 exhibets
644 1139 813 1215 mosque
836 1115 878 1190 in
910 1117 1070 1194 decursu
1102 1120 1379 1218 sexagesimum
1409 1122 1596 1222 primum,
1636 1128 1870 1222 secundum,

173 1247 329 1324 tertium
363 1258 399 1322 et
430 1213 624 1346 quartum,
661 1241 704 1316 in
735 1265 813 1340 quo
837 1240 967 1313 subito
995 1256 1115 1318 cessat
1137 1271 1224 1324 cum
1254 1245 1416 1324 vocibus
1453 1275 1594 1396 epoptas
1618 1279 1663 1350 τῳ
1690 1245 1786 1351 Sap,
1819 1253 1868 1328 ab

178 1374 299 1450 Hebr.
321 1370 387 1446 IX.
421 1392 477 1462 14.
502 1371 551 1445 ad
578 1365 697 1444 finem
724 1388 848 1464 usque
874 1364 1054 1440 mutila.-

318 1624 358 1700 Si
388 1625 482 1726 quid
519 1622 635 1697 habet
663 1618 831 1721 speciem
857 1619 1051 1697 vetustatis
1091 1623 1272 1718 eximiae,
1310 1635 1409 1702 certe
1429 1623 1525 1700 illud
1551 1638 1624 1722 est,
1657 1629 1761 1728 quod
1788 1629 1868 1730 epi·

167 1756 290 1829 stolae
328 1752 436 1827 Pauli
477 1776 558 1824 non
586 1759 629 1822 ot
650 1747 823 1844 singulae
854 1740 1077 1842 scriptiones
1107 1747 1383 1842 consideratae,
1410 1751 1478 1824 sed
1498 1764 1696 1850 'tanquam
1729 1779 1866 1854 corpus

165 1904 293 1954 unum
317 1876 586 1972 integrumque
614 1865 771 1967 aliquod
791 1867 955 1946 auctoris
981 1889 1080 1959 opus
1106 1869 1292 1946 continua·
1314 1872 1479 1972 capitum
1501 1873 1689 1952 divisione
1711 1875 1867 1972 insigni·

162 2012 226 2072 tae
259 1998 348 2070 sint.
400 1996 476 2064 Ista
502 1990 597 2063 ratio
623 1988 732 2064 Pauli
754 1989 930 2088 epistolas
952 2014 1085 2064 omnes
1108 1993 1149 2066 in
1177 1996 1298 2094 capita
1320 1996 1499 2074 continua
1527 1995 1863 2098 dispertiendi'diu

163 2123 248 2223 jam
272 2129 360 2192 ante
383 2113 601 2188 Eutltalium
629 2111 817 2198 exolevit;
854 2131 953 2208 quas
983 2109 1086 2183 enim
1115 2111 1181 2185 ille
1211 2116 1331 2213 capita
1359 2129 1537 2211 recenset,
1566 2147 1653 2195 cum
1682 2120 1863 2223 epistolae

169 2239 378 2344 cujuslibet
402 2237 592 2338 principio
623 2237 669 2312 de
697 2259 800 2312 novo
823 2231 872 2310 ab
895 2231 1040 2310 unitate
1066 2231 1161 2309 inire
1185 2261 1388 2313 numerum
1415 2243 1558 2337 solent,
1594 2248 1670 2319 eta
1693 2245 1862 2343 quodam

167 2363 558 2468 sapientissimorum,
605 2359 711 2454 quod
741 2359 810 2448 ait,
853 2373 890 2435 et
909 2356 1270 2433 amantissimorum
1309 2357 1447 2436 Christi
1489 2378 1639 2464 patrum
1663 2367 1862 2474 indometa

163 2493 323 2566 fuerunt
338 2513 371 2578 3·
390 2503 508 2584 quare
529 2480 641 2558 etiam
664 2481 760 2554 haec
787 2475 908 2578 capita
928 2477 970 2558 in
997 2479 1164 2580 epistolis
1190 2479 1357 2556 Paulinis
1384 2490 1568 2582 espessia
1593 2479 1857 2581 sasima)

160 2615 390 2689 universum
420 2617 590 2705 recepta,
627 2601 925 2698 cognominavit.
976 2607 1085 2682 Haec
1105 2602 1184 2708 jam
1210 2633 1296 2684 cum
1326 2607 1401 2684 sint
1426 2611 1659 2688 Eutbalianis
1680 2615 1859 2713 tempori·

163 2741 239 2814 bus
276 2736 422 2835 priora,
464 2741 607 2830 quanto
642 2727 761 2826 magis
792 2727 882 2824 ista,
919 2729 1132 2832 dequibus
1160 2729 1368 2830 nequidem
1392 2736 1577 2812 memoria
1601 2738 1857 2840 undequaque

164 2875 266 2942 extat
293 2853 398 2940 ulla?

313 3111 431 3188 Haud
464 3108 622 3185 minoris
650 3107 842 3186 momenti·
863 3119 937 3202 est,
978 3109 1086 3209 quod
1117 3112 1216 3190 circa
1245 3113 1444 3214 epistolam
1478 3114 1527 3189 ad
1552 3115 1754 3192 Hebraeos
1778 3116 1853 3224 'hic

160 3242 388 3319 innovatum
416 3260 496 3311 esse
526 3234 715 3326 videmus,
767 3233 911 3335 quippe
945 3237 1075 3310 locum
1102 3249 1350 3338 occupaverat
1370 3249 1457 3338 post
1479 3236 1688 3338 epistolam*
1705 3242 1754 3312 ad
1781 3241 1864 3313 Ga-.

158 3370 271 3458 latas,
311 3361 635 3464 quemadmodum
652 3357 868 3458 ¹adscriptus
899 3359 957 3435 illi
983 3359 1148 3459 capitum
1174 3383 1354 3443 numerus
1382 3359 1552 3445 ostendit
1602 3359 1784 3459 Epistola.
1802 3362 1850 3434 ad

155 3483 311 3565 ¹Galatas
336 3476 473 3554 desinit
500 3476 621 3577 capite
643 3477 961 3580 quinquagesimo
989 3509 1117 3577 uon03
1156 3496 1380 3586 caputvero
1401 3482 1676 3581 sexagesimum
1698 3487 1850 3560 adnota-

161 3619 220 3682 tur
241 3609 345 3682 iuxta
363 3603 564 3680 exordium
590 3603 640 3676 ad
664 3604 886 3700 Hebraeos,
924 3607 988 3689 cui
1015 3632 1084 3708 per
1112 3607 1307 3685 intervalla
1334 3608 1543 3684 succedunt
1571 3607 1847 3704 sexagesimum

161 3730 340 3830 primum,
392 3727 604 3802 secundum
647 3739 733 3804 etc:
786 3727 837 3804 ita
880 3743 923 3807 ut
967 3733 1006 3806 in
1061 3731 1195 3808 ordine
1243 3731 1502 3833 epistolarum·
1536 3731 1678 3824 Roma,
1735 3743 1847 3831 caput

163 3853 264 3928 orbis
295 3865 494 3942 terrarum,
537 3851 703 3952 primum
735 3855 863 3930 locum
895 3856 1123 3946 obtinuerit,
1163 3866 1249 3955 post
1276 3876 1359 3928 earn
1397 3853 1681 3956 opulentissima
1704 3866 1742 3930 et
1773 3854 1846 3946 ire·

161 3976 404 4082 quentissima
442 3977 645 4052 bominum
682 3974 723 4054 iir
750 3981 844 4058 orbe
881 3983 1056 4058 Romano
1086 3978 1320 4074 Corinthus;
1360 3989 1508 4068 secutae
1541 3978 1680 4054 deinde
1705 3976 1846 4056 fuerint

157 4108 341 4206 epistolae
375 4107 422 4178 ad
462 4103 689 4201 integrarum
724 4105 894 4199 gentium
935 4119 1091 4199 coetus,
1145 4107 1361 4180 Galatarum
1399 4115 1517 4201 atque
1552 4103 1841 4196 Hebraeorum,

155 4234 502 4342 tuncque'desnum
524 4230 676 4304 urbium
703 4216 798 4304 ratio
831 4232 1032 4310 haberetur
1056 4230 1321 4330 reliq'uaruin,
1352 4227 1450 4307 inter
1477 4231 1569 4330 quas
1590 4231 1842 4308 celeberrima

219 4483 276 4569 26)
315 4470 466 4570 zacagni
488 4461 940 4553 collectanea'mcnument
961 4470 1030 4556 vet,
1052 4505 1091 4568 p.
1113 4482 1184 4563 573.
1199 4455 1279 4562 ¹591,
1303 4481 1376 4550 διδ.
1399 4477 1470 4553 625.
1492 4486 1557 4557 etc,
