4676 5832
889 221 1116 296 ...ιὸ-

154 442 368 526 rumoribus
390 451 456 514 aut
476 433 581 533 vagis
603 429 871 524 relationibus,
900 419 1016 531 quam
1036 425 1140 531 justo
1164 429 1405 508 examinetis
1429 425 1510 530 ejus
1531 443 1649 509 aetate
1673 434 1852 533 discepta-

149 576 239 646 tuin
267 579 319 641 est
350 587 473 662 usque
502 561 550 634 ad
580 557 705 634 virum
735 556 876 639 clariss.
905 557 1097 630 Andream
1127 553 1347 645 Birchium,
1390 557 1630 632 nomarchiae
1664 558 1780 635 Some
1812 571 1852 634 et

161 691 209 768 ad
223 689 356 763 aedem
379 679 635 760 Rotschildiae
660 681 938 779 praepositum,
963 680 1031 776 qui
1052 704 1141 754 eum
1161 679 1335 756 solertius
1358 679 1611 770 examinavit,
1636 696 1748 780 atque
1769 687 1851 756 rno-

159 827 284 890 menta
313 811 354 887 in
379 809 549 884 medium
573 804 748 896 adduxit,
781 825 802 878 e
829 802 969 902 quibus
993 804 1151 881 certiora
1174 804 1422 880 edocerentur
1444 805 1648 902 prudentes
1676 819 1712 884 et
1737 807 1851 908 aequi

158 938 430 1015 existimatores
446 933 494 1012 4).

311 1133 574 1234 subterfugere
604 1142 732 1208 tamen
759 1125 957 1232 complura
981 1127 1240 1207 doctissimum
1266 1127 1416 1224 vinum,
1442 1154 1524 1204 non
1539 1116 1650 1227 ¹quod
1672 1127 1730 1204 illi
1747 1129 1851 1230 inge·

159 1266 270 1340 nium
291 1262 449 1352 deesset,
467 1271 532 1333 aut
546 1281 708 1334 acumen
725 1265 762 1332 et
778 1257 912 1330 harum
931 1280 1054 1332 rerum
1079 1255 1232 1356 peritia,
1257 1278 1354 1354 quae
1372 1247 1414 1330 in
1430 1253 1498 1330 illo
1517 1255 1647 1330 insunt
1665 1256 1848 1351 maxima:

161 1388 227 1462 sed
248 1385 352 1484 quod
379 1386 426 1460 de
452 1380 697 1460 exscribenda
723 1378 894 1456 lectionis
925 1365 1100 1458 varieta'tc
1125 1380 1316 1474 solicitus,
1343 1406 1389 1455 eo
1414 1378 1652 1478 potissimum
1682 1380 1852 1456 intende-
1952 1383 1956 1392 '

158 1513 206 1590 n't
230 1511 425 1602 animum,
461 1508 683 1608 quoetiam
708 1507 838 1584 labore
871 1504 918 1582 de
941 1519 1018 1582 arte
1047 1506 1172 1585 critica
1195 1509 1385 1607 praeclare
1416 1505 1562 1580 memit.
1614 1504 1712 1582 Cum
1738 1506 1882 1603 igitur.·
1943 1517 1949 1527 '

158 1634 300 1710 codicis
328 1634 512 1708 lustrandi
533 1619 628 1708 mihi
661 1631 815 1707 iacidtaa
843 1643 939 1706 esset
967 1630 1113 1724 omnis,
1150 1630 1329 1730 variaque
1358 1629 1625 1720 obvenissent,
1653 1653 1751 1727 quae
1779 1641 1856 1728 pro¹
1898 1694 1910 1716 .
1957 1707 1962 1720 ,

159 1755 240 1860 ejus
263 1770 381 1834 aetate
408 1758 477 1832 rite
499 1755 783 1832 determinanda
806 1756 928 1834 lacere
952 1755 1197 1849 videbantur,
1224 1779 1375 1830 mecum
1400 1753 1577 1829 constitui
1594 1753 1662 1827 ista
1676 1741 1849 1828 curatius

119 1913 122 1918 λ
152 1883 361 1984 prosequi,
400 1893 520 1968 ratus,
565 1881 598 1949 si
623 1879 820 1974 quidpiam
859 1881 1047 1954 sincerum
1076 1891 1142 1954 aut
1167 1877 1366 1980 probabile
1395 1876 1486 1952 inde
1509 1877 1707 1972 elicerem,
1743 1879 1851 1956 disci·

132 2008 311 2106 phuae,
359 2025 472 2098 quam
511 1998 791 2095 diplomaticam
825 2001 1176 2091 muner-aliquid
1216 2027 1454 2086 macutum
1502 2003 1697 2086 commdi
1736 2017 1850 2102 atque

157 2123 365 2223 augmenti.
417 2121 620 2222 Quidquid
640 2123 739 2192 'vero
768 2116 809 2192 in
835 2117 906 2189 bac
927 2128 1049 2214 sparta
1083 2120 1301 2196 exornanda
1329 2147 1351 2194 a
1380 2145 1444 2196 me
1470 2124 1691 2224 praestitum
1715 2125 1849 2226 luerit,

36 2321 37 2329 ,
155 2244 294 2349 idjam
323 2272 439 2324 omne
458 2247 615 2329 habete,
644 2240 750 2313 Cim
777 2237 939 2334 optimi,
959 2251 1003 2318 et
1025 2239 1193 2320 faventes
1219 2243 1392 2344 excipite.

278 2490 427 2577 Spoletti
458 2496 538 2554 ante
565 2487 704 2568 aliquot
733 2464 907 2552 decebnia
938 2487 1169 2573 m'olicbatur,
1199 2491 1366 2556 obstitum
1397 2491 1453 2560 iri.
1494 2497 1682 2580 Rationes,
1715 2502 1849 2584 quibus

275 2597 537 2684 prohibebatur
556 2617 575 2659 a
599 2593 842 2680 publicatione
859 2593 1013 2680 codicis,
1031 2600 1193 2682 exposuit
1213 2589 1343 2670 clariss.
1367 2604 1475 2666 Adler
1489 2603 1527 2666 in
1549 2607 1699 2690 epistola
1719 2607 1849 2674 inserta
1908 2678 1914 2686 ,

288 2706 523 2770 Bibliothecae
545 2703 671 2774 orient.
692 2715 823 2790 exeget.
845 2709 879 2774 J.
898 2703 1044 2772 Davidis
1062 2706 1256 2798 Michaelis.
1277 2711 1378 2774 Tom.
1401 2698 1511 2781 llllll.
1532 2733 1568 2794 p.
1594 2735 1652 2793 171

222 2876 261 2959 4)
285 2876 338 2937 An
361 2871 511 2937 editores
530 2871 726 2935 bibliorum
746 2874 1050 2954 Complutensium
1073 2874 1230 2958 aliquam
1250 2875 1363 2942 nostri
1380 2876 1514 2942 codicis
1535 2878 1699 2968 notitiam
1717 2883 1851 2949 habue-

226 3037 228 3042 .
277 2981 369 3064 rint,
391 2982 550 3045 consulta
570 2990 716 3062 utraque
735 3000 857 3044 eorum
878 2983 1117 3067 praelatione,
1138 2986 1397 3050 subobscurum
1414 2995 1482 3066 est;
1503 2990 1565 3049 sed
1587 3009 1629 3052 ex
1650 2964 1847 3055 contentio·

279 3090 406 3172 aibas,
429 3111 521 3172 quae
537 3091 681 3172 posthac
704 3087 797 3158 inter
816 3091 997 3154 Emanium
1020 3103 1052 3155 et
1067 3091 1243 3175 Hispanos
1258 3102 1493 3175 emerserunt,
1518 3103 1628 3176 patet,
1645 3115 1704 3159 eos
1726 3100 1847 3162 saltem

281 3201 325 3272 de
340 3202 409 3264 boc
425 3197 519 3262 libro
540 3197 685 3280 ejusque
705 3197 915 3282 antiquitate
934 3199 1054 3282 aliqua
1073 3197 1262 3268 inaudisse.
1296 3200 1426 3264 Confer
1447 3187 1630 3264 Wetstenii
1652 3203 1787 3286 proleg.
1809 3203 1847 3266 in

281 3311 323 3378 N.
338 3310 368 3370 T
387 3306 631 3392 edit.‚Semler,
648 3328 683 3391 p.
702 3311 753 3386 64.
771 3309 823 3372 6⁵.
866 3311 1085 3374 innotescere
1105 3307 1248 3394 plenius
1262 3305 1419 3391 primum
1439 3305 1557 3392 coepit
1570 3310 1624 3370 'ex
1640 3307 1785 3394 praefat.
1808 3309 1847 3372 in

283 3413 476 3480 editionem
485 3419 532 3482 Υ.
542 3417 583 3478 Τ.
596 3435 775 3500 graecam,
793 3413 893 3494 juxta
911 3415 1099 3484 lectionem
1121 3413 1196 3492 ejus
1212 3416 1435 3499 adverbum,
1457 3424 1497 3478 ut
1510 3413 1630 3498 ajunt,
1652 3437 1848 3500 expressam

283 3543 375 3607 quae
397 3521 532 3607 prodiit
548 3525 680 3591 Romae
703 3523 793 3605 1587.
811 3525 878 3587 sub
894 3522 1101 3608 pontificatu
1124 3522 1226 3590 sixti.
1269 3527 1337 3588 Sed
1352 3533 1547 3610 occupatur
1566 3526 1652 3588 haec
1677 3523 1848 3609 praefatio

286 3629 454 3696 unice'in
481 3631 709 3698 describenda
737 3653 777 3698 ea
801 3642 928 3716 parte,
951 3653 1043 3714 quae
1065 3635 1108 3703 V.
1132 3635 1172 3700 T.
1195 3631 1431 3719 amplectitur.
1473 3631 1616 3697 Codicis
1638 3631 1767 3694 deinde
1789 3651 1850 3714 pa·
1891 3673 1896 3690 .

281 3741 421 3804 tron‘um
451 3739 523 3824 egit
543 3743 575 3808 l.
598 3731 823 3804 Morinus‘iu
848 3728 1158 3807 exercitationibus
1180 3739 1322 3805 biblicis
1337 3737 1487 3830 passim,
1508 3740 1555 3818 ,in
1576 3739 1708 3820 quibus
1728 3759 1808 3800 eum
1827 3761 1849 3803 a

286 3847 507 3934 suspicione,
530 3851 628 3930 quod
650 3851 697 3912 ad
719 3850 895 3933 vulgatam
916 3859 977 3912 sut
998 3847 1128 3913 latinos
1147 3846 1260 3911 libros
1276 3845 1415 3912 reficias
1436 3845 1501 3929 sit,
1528 3843 1679 3910 liberare
1703 3857 1849 3912 conatus
1878 3909 1879 3914 ,

286 3965 351 4038 est,
373 3954 463 4037 quin
485 3953 561 4030 ejus
582 3953 875 4042 palaeographiae
895 3965 929 4020 et
950 3954 1043 4020 notis
1066 3953 1463 4038 antiquitatis'multum
1487 3951 1635 4020 luminis
1655 3955 1849 4027 accesserit.

283 4051 354 4133 Alii
371 4061 535 4147 deinceps
554 4061 592 4126 in
616 4066 681 4128 hac
701 4064 904 4149 suspicione
920 4067 1082 4150 augenda
1105 4085 1248 4150 operam
1266 4072 1483 4152 posuerunt,
1504 4062 1598 4126 inter
1614 4083 1704 4145 quoa
1717 4064 1849 4129 eminet

282 4171 364 4238 Ern.
383 4169 532 4254 Grabius
549 4169 587 4236 in
603 4172 747 4255 praefat.
770 4169 922 4236 insuam
940 4205 1003 4254 my
1026 4195 1065 4258 ο,
1082 4173 1294 4256 editionem3
1315 4173 1380 4240 alii
1401 4173 1441 4238 in
1466 4172 1669 4240 refellenda.
1720 4175 1848 4260 Quoad

232 4303 234 4310 ’
280 4303 416 4348 novum
441 4294 513 4354 test.
536 4285 807 4375 descriptionem
834 4285 921 4354 libri
939 4288 1153 4354 succinctam
1180 4289 1280 4353 dedit
1305 4289 1443 4372 primus
1458 4290 1561 4358 laur.
1586 4289 1682 4360 Alex.
1699 4285 1848 4373 zacagni

280 4388 320 4454 in
344 4393 568 4460 collectaneis
584 4375 743 4464 monum.
761 4381 867 4470 veter,
888 4395 1008 4458 eccles.
1024 4412 1138 4478 graec.
1156 4413 1198 4456 ac
1216 4395 1278 4466 lat.
1299 4395 1433 4460 Romae
1453 4395 1543 4476 1698.
1565 4391 1598 4471 δ.
1620 4391 1721 4484 XLV.
1762 4369 1846 4474 njis
