4676 5832
1248 265 1482 358 ...μ

569 473 574 479 ’
666 461 799 543 Codex
827 457 1056 551 Vaticanus,
1081 481 1243 534 numero
1273 479 1367 556 ¹²09
1391 454 1613 556 insIgnitus,
1639 459 1930 564 comprehendit
1956 461 2066 548 vetus
2090 483 2202 575 atque

474 613 659 672 *novum
697 595 959 665 testamentum
996 607 1076 656 uno
1112 579 1335 673 volumine,
1374 593 1546 658 truncato
1586 595 1714 664 umen
1752 601 1913 689 utraque
1949 599 2205 692 extremitate,

513 719 622 798 initio
643 714 824 794 nimirum
840 723 877 785 et
892 706 979 784 fine.
1030 707 1181 783 Desunt
1198 707 1318 806 capita
1337 731 1539 804 geneseos,
1566 721 1755 810 quotquot
1776 714 1925 798 XLVII
1944 734 2041 776 mum
2058 732 2202 802 antece.

512 843 626 934 dunt,
670 852 707 915 ct
728 847 816 937 post
840 846 953 934 caput
973 833 1040 908 IX.
1066 859 1103 912 v.
1133 853 1187 924 14.
1213 831 1395 932 epistolae
1415 833 1464 911 ad
1489 831 1685 913 Hebraeos
1711 839 1853 920 omnia.
1906 839 2202 922 Observandum

511 993 604 1047 vero
622 976 697 1058 est,
723 973 810 1063 post
831 957 1026 1055 evangelia
1054 970 1091 1033 et
1113 971 1193 1034 acta
1211 960 1471 1058 apostolorum
1498 962 1608 1061 sequi
1630 962 1804 1062 epistolas
1825 980 1970 1066 septem
1989 971 2200 1068 catholicas,

511 1105 547 1170 et
578 1091 759 1187 deinceps
800 1083 960 1156 Paulum
997 1094 1180 1157 consueto
1220 1081 1463 1182 epistolarum
1489 1086 1635 1188 ,ordine
1669 1089 1717 1163 ad
1749 1091 1954 1168 secundam
1989 1122 2111 1197 usque
2151 1097 2199 1172 ad

507 1210 881 1303 Thessalonicenses,
920 1207 981 1284 cui
1010 1203 1255 1310 subjungitur
1285 1207 1463 1310 inscripta
1493 1212 1541 1285 ad
1572 1213 1782 1294 Hebraeos.
1840 1214 1986 1290 Ambae
2009 1220 2122 1317 igitur
2150 1221 2198 1296 ad

506 1339 775 1429 Timotheum,
800 1333 865 1408 illa
887 1333 935 1407 ad
957 1331 1086 1408 Titum
1115 1346 1153 1408 ct
1176 1332 1462 1429 Philemonem,
1486 1347 1666 1437 tanquam
1690 1339 1864 1416 collectio
1881 1339 2125 1438 epistolantm
2148 1345 2198 1421 ad

505 1463 675 1562 singulos
703 1459 944 1560 scriptarum,
989 1483 1086 1556 quae
1113 1459 1313 1558 epistolam
1334 1461 1384 1533 ad
1405 1461 1603 1537 Hebraeos
1632 1463 1806 1563 excipere
1829 1463 2013 1557 debebat,
2046 1466 2198 1547 interie-

505 1601 605 1666 runt
653 1587 737 1666 Nec
758 1586 863 1670 adest
879 1583 1140 1687 apocalypsis3
1168 1595 1205 1658 et
1225 1584 1362 1658 absunt
1381 1583 1469 1660 libri
1489 1587 1819 1665 Machabaeorum.
1869 1589 2083 1692 Ecorpore
2103 1617 2195 1667 vero

505 1710 644 1790 codicis
678 1709 983 1811 pessumiverunt
1015 1709 1201 1806 quaedam
1240 1707 1330 1784 t'olia
1368 1713 1601 1811 psalmorum
1612 1742 1623 1808 3
1667 1740 1689 1788 a
1722 1718 1871 1816 psalmo
1906 1715 2089 1794 nimirum
2124 1715 2196 1804 CV,

504 1860 626 1936 usque
648 1836 697 1910 ad
724 1837 914 1938 psalmum
927 1937 929 1942 ,
942 1827 1189 1916 CXXXVIII
1216 1858 1349 1910 omnes
1369 1833 1595 1914 intermedii.
1616 1855 1618 1862 ⁴

519 2045 522 2052 .
654 2055 818 2155 Scriptus
841 2072 895 2129 est
923 2059 964 2126 in
989 2057 1210 2125 membrana
1236 2060 1467 2146 laevissima,
1505 2087 1619 2154 supra
1644 2064 1803 2136 modum
1830 2064 1937 2139 tenui
1962 2073 2000 2140 et
2023 2065 2089 2142 vix
2112 2092 2193 2144 non

500 2179 711 2281 pellucido,
749 2205 863 2252 manu
890 2175 1073 2272 eleganti,
1107 2185 1281 2274 prompta
1307 2186 1343 2249 et
1366 2175 1634 2278 imperterrita,
1679 2184 1793 2261 ductu
1816 2187 2117 2289 simplicissimo,
2156 2205 2195 2270 et

502 2305 608 2404 quod
638 2303 710 2377 sibi
738 2303 846 2378 facile
873 2301 1073 2397 quisquam
1100 2297 1324 2394 persuaserit
1349 2301 1579 2392 antiquitatis
1607 2305 1776 2393 ignarus,
1801 2312 1938 2397 pennis
1966 2339 2191 2410 corvorum

500 2429 597 2505 adeo
639 2423 791 2500 subtilia
837 2434 926 2496 sunt
970 2421 1199 2511 lineamenta
1239 2419 1467 2507 litterarum,
1528 2416 1597 2492 ubi
1638 2416 1818 2514 pinguior
1856 2421 1990 2497 ductus
2023 2427 2066 2502 in
2108 2460 2194 2509 acu·

413 2541 420 2554 .
499 2567 580 2628 tum
622 2547 792 2625 excurrit.
862 2543 1009 2617 Omnes
1044 2567 1159 2641 porro
1193 2543 1335 2614 litterae
1368 2531 1417 2612 ita
1448 2553 1537 2613 sunt
1563 2555 1820 2640 comparatae,
1873 2560 1916 2620 ut
1954 2546 2074 2645 figura¹
2101 2581 2191 2654 qu„

500 2675 682 2767 drangula
699 2663 925 2767 aequilatera
951 2663 1098 2763 possint
1126 2663 1404 2740 circumscribi:
1447 2690 1577 2740 earum
1598 2669 1703 2740 nulla
1735 2671 1986 2769 compressior
2011 2689 2083 2766 est,
2125 2693 2190 2755 aut

497 2795 542 2875 in
559 2804 763 2893 angustum
782 2801 987 2886 coarctata,
1014 2788 1082 2867 sed
1099 2789 1305 2885 character,
1333 2789 1438 2908 quod
1458 2785 1580 2890 ajunt,
1607 2803 1735 2868 exacte
1756 2792 1957 2892 quadratus
1972 2809 2046 2891 est,
2071 2799 2191 2906 maju.

611 3060 870 3146 xantiquitatem
899 3077 1047 3124 asserere
1078 3068 1222 3124 conatus
1253 3067 1320 3143 est,
1361 3059 1585 3144 potissimum
1613 3083 1656 3125 ex
1681 3059 1920 3128 similitudine
1948 3063 2187 3140 characterum

623 3193 705 3236 oum
729 3168 773 3232 iis
792 3167 856 3249 qui
878 3167 917 3230 i'n
946 3171 1047 3253 cyclo
1076 3167 1232 3253 paschali
1253 3171 1435 3234 cathedrae
1463 3173 1496 3241 S,
1523 3167 1690 3254 Hipolyti
1715 3171 1885 3257 inscripto
1906 3175 2186 3264 conspiciuntur,

556 3257 565 3282 ¹
621 3279 703 3346 chr.
732 3277 853 3344 Mattb.
873 3275 1015 3340 Pt'affius
1042 3275 1082 3339 in
1111 3277 1277 3342 dIssertat.
1309 3275 1386 3348 crit.
1408 3281 1451 3342 de
1474 3277 1640 3364 genuInis
1673 3279 1798 3350 libror.
1826 3285 1867 3346 N.
1888 3275 2184 3356 Tslectionibus.

623 3386 814 3450 Amstelod.
840 3405 929 3465 ¹7⁰9·
953 3407 983 3453 o.
1013 3387 1077 3468 Ill.
1105 3388 1131 3464 §.
1157 3405 1189 3451 a.
1204 3408 1238 3470 p.
1264 3389 1314 3458 ⁵5.
1364 3390 1418 3452 Ab
1440 3387 1520 3452 aliis
1542 3389 1681 3453 laudari
1707 3389 1886 3466 videndo.
1915 3395 2008 3455 Sam.
2042 3392 2183 3457 Hiohtel

619 3493 792 3564 exercitat.
832 3492 908 3564 crit.
939 3497 983 3558 de
1005 3493 1217 3578 antiquitate
1244 3507 1278 3560 et
1303 3495 1514 3582 praestantia
1535 3500 1613 3568 cod.
1643 3498 1796 3562 Romani
1824 3518 1907 3582 prae
1932 3497 2181 3570 Alexandrino.

618 3606 723 3669 lenae
747 3605 837 3683 ¹7³⁴·
893 3605 1000 3667 Hunc
1028 3604 1163 3690 excepit
1185 3609 1239 3674 Jo.
1269 3607 1380 3670 Adam
1403 3605 1577 3671 Osiander
1603 3606 1642 3669 in
1670 3595 1871 3672 orationum
1898 3603 2178 3670 academicarum

618 3712 721 3798 triga,
739 3733 888 3794 quarum
905 3711 1021 3798 prima
1039 3713 1116 3799 agit
1130 3717 1172 3778 de
1188 3717 1263 3780 cod.
1280 3735 1392 3801 grace.
1410 3717 1451 3783 N.
1465 3714 1505 3776 Τ.
1524 3711 1694 3780 Vaticano
1711 3721 1773 3778 etc.
1794 3710 1979 3792 Tubingae
2003 3726 2092 3786 ¹742·
2116 3713 2181 3794 qui

622 3831 752 3902 tamen,
774 3819 890 3884 nescio
910 3843 982 3904 quo
1001 3833 1095 3905 teste,
1116 3827 1296 3908 deceptus,
1319 3825 1491 3908 quaedam
1508 3816 1736 3902 descriptioni
1750 3815 1898 3880 inscruit
1914 3814 2177 3907 omninofalsa,

568 3991 583 4012 „
617 3947 690 3994 non
706 3929 868 3994 indoctus
892 3935 935 3994 de
957 3943 1090 3996 caetero
1107 3931 1232 4016 judex,
1254 3933 1285 3997 si
1299 3933 1435 3998 veriora
1454 3926 1656 3992 rescivisset.
1703 3929 1752 3988 lta
1778 3925 1882 4006 plane
1903 3924 1996 3987 ultra
2016 3925 2177 3994 notitiam

623 4037 772 4119 codicis,
794 4061 899 4122 quam
916 4039 1291 4127 Zacagniodebemus,
1313 4038 1567 4128 perexiguam,
1605 4031 1705 4100 nihil'
1723 4035 1794 4098 fere
1817 4021 1901 4097 certi
1922 4035 1965 4096 de
1984 4055 2024 4098 co
2046 4033 2083 4098 in
2108 4060 2180 4103 me·

617 4145 718 4210 dium
735 4150 881 4212 allatum
900 4161 948 4212 cst
965 4152 1134 4232 usquead
1151 4154 1295 4220 celeber.
1341 4145 1540 4231 Birchium,
1563 4144 1627 4228 qui
1645 4143 1720 4221 ejus
1741 4141 2010 4226 descriptionem
2034 4147 2177 4228 publice

617 4255 803 4340 proposuit
818 4255 935 4342 primo
957 4258 992 4322 in
1007 4261 1062 4321 lo.
1076 4261 1160 4322 Dav.
1178 4256 1358 4321 Michaelis
1375 4256 1540 4324 Biblioth.
1560 4253 1685 4320 orient.
1708 4261 1837 4338 exeget.
1856 4255 1891 4320 P.
1911 4253 2035 4320 XXIII.
2054 4275 2089 4320 n.
2102 4257 2175 4332 351,

614 4372 648 4428 et
675 4345 792 4450 postea
807 4366 844 4429 in
870 4365 1026 4432 editione
1043 4367 1261 4454 Evangelior,
1276 4365 1476 4460 sumptibus
1496 4362 1618 4448 Regiis
1637 4364 1815 4434 adornata.
1846 4359 2009 4433 dauniae
2027 4371 2116 4444 ηδε.
2132 4360 2173 4426 in

619 4473 1029 4560 praetat,p.x1u.seq.
1152 4461 1154 4466 ¹
1779 4485 1784 4494 '

2260 4603 2262 4607 .
2324 4473 2327 4612 l
