4676 5832
873 359 1124 452 '’17²-

55 599 59 602 -
154 547 448 628 consideremus.
522 531 676 616 ¹Adsunt
703 533 859 642 quidem
882 535 1147 642 inscriptiones
1174 529 1280 618 libris
1309 535 1518 639 praefixae,
1558 547 1625 624 sed
1657 523 1854 655 simplicis}

159 675 290 766 simae,
314 697 413 746 aare
431 666 589 771 pettam
613 669 702 765 (sic)
732 697 825 744 aare
855 697 1000 769 μαρκον,
1033 693 1126 740 aare
1145 679 1285 746 λουκσιν,
1317 695 1410 743 aare
1425 697 1570 766 euersas,
1606 675 1742 776 πρωξιις
1763 677 1851 760 mais.

163 812 302 878 nonar,
330 792 481 886 mlier
511 811 682 886 sermons,
715 825 847 896 πετρου,
881 824 925 876 a,
959 822 1073 892 πτρου
1096 789 1149 882 β,
1186 792 1306 870 ustrou
1324 823 1351 867 a
1372 839 1387 854 -
1412 793 1469 886 β·
1489 825 1527 894 γ.
1553 796 1663 890 stade,
1700 820 1736 883 at
1762 835 1852 888 vero

156 925 455 1024 haudquaquam
492 923 532 999 in
568 925 649 1025 ipsa
682 949 767 1001 area
799 935 864 999 aut
894 925 1072 1000 columna
1102 919 1308 1018 scripturae
1335 920 1605 1021 includuntur,
1645 931 1713 1006 sed
1747 939 1855 1033 quasi

155 1051 306 1126 alienae
325 1061 362 1124 et
382 1048 429 1122 ad
446 1075 581 1149 corpus
605 1048 730 1152 operis
746 1047 903 1124 minime
920 1057 1142 1149 spectantes,
1166 1057 1268 1119 extra
1287 1043 1386 1120 illud
1407 1048 1447 1123 in
1470 1053 1656 1150 superiori
1674 1062 1857 1158 margine,

162 1185 200 1252 et
222 1155 287 1249 liic
325 1173 402 1250 illio
431 1175 712 1275 propemodum
750 1174 791 1248 in
821 1173 1052 1252 extremitate
1075 1169 1235 1278 paginae
1256 1165 1504 1270 adjiciuntur,
1541 1177 1590 1251 ita
1616 1181 1772 1278 quidem
1798 1201 1856 1282 ut,

167 1303 339 1402 quamvis
353 1305 506 1380 codexa
522 1303 754 1404 bibliopegis
768 1301 870 1376 haud
887 1305 986 1378 male
1003 1307 1188 1380 mulcatus
1212 1301 1280 1396 sit,
1306 1328 1587 1404 nonnunquam
1609 1335 1731 1410 paene
1752 1341 1857 1396 oram

24 1424 30 1450 ‘
166 1428 342 1528 marginis
362 1429 594 1528 contingant.
646 1429 732 1504 Hae
755 1427 1018 1528 inscriptiones
1042 1451 1111 1527 per
1133 1427 1315 1524 integram
1344 1423 1546 1528 cujuslibet
1565 1433 1726 1510 auctoris
1745 1441 1859 1516 histo·
1945 1501 1980 1528 ‚t

165 1553 259 1629 riam
295 1567 359 1629 aut
396 1553 700 1630 lucubrationem
737 1551 1009 1630 continuantur
1043 1550 1086 1626 in
1122 1550 1336 1628 summitate
1375 1552 1616 1632 membranae
1649 1561 1698 1633 ad
1741 1561 1860 1641 finem

164 1693 308 1780 usque,
342 1692 379 1755 et
403 1679 442 1754 in
461 1679 666 1780 evangeliis
691 1681 766 1764 hoc
792 1679 870 1762 sere
896 1676 1033 1770 modo,
1058 1688 1101 1751 ut
1124 1674 1303 1777 paginae,
1334 1701 1430 1774 quae
1459 1679 1589 1756 manui
1614 1683 1782 1761 sinistrae
1807 1713 1863 1764 re-

164 1805 347 1904 spondet,
368 1831 485 1898 sam
514 1807 675 1907 paginae
697 1807 746 1880 ad
773 1806 942 1880 dextram
968 1800 1152 1901 pastun,
1179 1812 1412 1902 pauper-etc.
1443 1804 1678 1906 adscriptum·
1699 1809 1862 1908 legatur:

88 1973 109 2015 0
165 1953 243 2006 vox
265 1927 401 2028 πραξεις
425 1937 466 2004 in
491 1931 661 2020 actibus,
688 1943 726 2004 et
748 1953 893 2004 nomen
918 1925 1054 2016 ιακοβου
1076 1951 1197 2026 usque
1220 1928 1268 1999 ad
1292 1927 1514 2004 coronidem
1537 1931 1718 2029 epistolae
1741 1937 1863 2013 omni·

165 2054 243 2128 bus
269 2055 369 2125 loliis
390 2075 556 2151 superne
582 2051 796 2152 adpositum
825 2065 1021 2139 seruatum
1055 2055 1108 2122 ita
1135 2074 1290 2145 quoque
1314 2051 1355 2126 in
1379 2051 1546 2151 reliquis.
1598 2053 1864 2159 Praeterquam

61 2185 70 2194 '
171 2175 282 2274 quod
314 2173 429 2248 instar
471 2175 812 2250 additamentorum
850 2173 890 2246 in
922 2194 1098 2270 suprema
1132 2181 1278 2244 tantum
1309 2171 1453 2270 pagina·
1484 2193 1743 2276 compareant,
1781 2187 1865 2260 cha·

42 2397 45 2402 ¹
174 2315 317 2376 ractere
346 2299 457 2377 etiam
493 2322 688 2399 expressae
724 2311 811 2372 sunt
841 2299 972 2398 paullo
1009 2293 1175 2386 minori,
1203 2321 1317 2394 quam
1356 2295 1436 2395 ipsa
1471 2297 1675 2376 substantia
1719 2308 1865 2404 operis,

177 2439 305 2502 contra
331 2445 443 2520 quem
471 2420 512 2492 in
535 2418 630 2492 aliis'
646 2419 841 2494 codicibus
870 2421 954 2497 fieri
982 2419 1176 2509 videmus,
1214 2417 1283 2490 ubi
1308 2418 1570 2516 inscriptiones
1605 2423 1736 2500 litteris
1759 2459 1867 2527 gran·
1962 2515 1970 2530 ἱ

171 2548 347 2623 -dioribus
383 2539 712 2640 ornatioribusque
746 2544 999 2642 resplendent.
1055 2541 1245 2643 Quinimo
1284 2541 1326 2614 in
1367 2540 1537 2641 epistolis
1580 2545 1710 2641 Pauli,
1747 2553 1866 2652 ipsius
1908 2581 1911 2588 ·

157 2667 339 2746 'auctoris
355 2688 496 2740 nomen
514 2690 700 2762 nusquam
719 2664 922 2740 indicatura
950 2666 1171 2766 epistola'ad
1190 2665 1384 2740 Romanos
1409 2664 1630 2765 simpliciter
1653 2673 1870 2756 inscribitur

180 2823 260 2900 arpos
281 2816 461 2894 ρωμαιουςς
489 2789 626 2866 eodem
655 2789 773 2868 modo
799 2791 910 2866 etiam
934 2792 1124 2892 reliquae,
1149 2819 1228 2890 προς
1254 2789 1414 2890 xoptatum
1441 2818 1476 2863 aa
1497 2821 1577 2889 προς
1596 2797 1756 2894 messiacus
1775 2774 1819 2896 β,

330 3007 632 3108 subscriptiones
662 3005 710 3082 ad
743 3009 882 3084 calcem
908 3006 1078 3100 additae,
1118 3003 1427 3106 inscriptionibus
1452 3009 1504 3083 ad·
1528 3037 1697 3110 unguem
1727 3021 1874 3100 consor.
2000 3036 2003 3045 ¹

181 3149 355 3230 mantur,
381 3135 430 3250 ita
456 3144 499 3207 ut
519 3133 740 3207 tantundem
767 3131 1008 3231 repetitiones
1029 3133 1319 3241 inscriptionum
1351 3133 1426 3210 sint
1455 3137 1496 3230 in
1526 3137 1603 3214 fine
1629 3145 1873 3224 voluminum

186 3261 311 3339 iterari
337 3258 488 3350 solitae,
515 3284 614 3358 quo,
644 3256 676 3330 si
705 3255 800 3332 sorte
824 3282 929 3332 casus
954 3269 1018 3331 aut
1043 3270 1193 3357 tempus
1226 3257 1387 3357 primam
1424 3261 1611 3362 philyram
1642 3269 1776 3367 papyri
1803 3277 1876 3364 (ex

187 3415 261 3489 qua
279 3383 639 3488 posthscThemidis
664 3379 734 3458 tilii
757 3382 1035 3484 expositionem
1057 3382 1142 3458 lacti
1167 3379 1409 3482 protocollon
1439 3383 1567 3461 dixere
1581 3385 1640 3480 ¹⁸),
1665 3389 1876 3490 delevisset,

185 3515 234 3592 ad
258 3510 483 3587 umbilicum
502 3505 709 3584 voluminis
736 3508 783 3582 de
806 3521 955 3584 auctore
973 3521 1168 3584 constaret.
1209 3507 1511 3610 subscriptiones
1531 3513 1645 3611 igitur
1672 3513 1743 3592 hae
1770 3534 1878 3617 sunt3
1988 3543 1993 3550 '

188 3665 282 3716 ma
314 3633 488 3738 μέδων,
525 3661 620 3709 aare
642 3659 766 3732 popm
787 3677 803 3694 ··
819 3677 861 3694 -·
886 3629 1023 3732 epatius
1059 3647 1280 3715 ωποστολων,
1324 3633 1497 3724 ιακωβους
1536 3666 1653 3737 mapsa
1684 3667 1711 3714 a
1750 3655 1880 3723 etcaets

189 3763 379 3862 Epistolae
422 3772 547 3836 autem
572 3751 760 3835 ¹Paulinae
786 3759 1074 3834 subscribuntur
1100 3790 1179 3858 προς
1210 3789 1389 3860 papauer,
1426 3791 1506 3862 epse
1532 3763 1694 3858 sapertun,
1718 3793 1745 3840 a
1766 3797 1878 3868 ,προς
1993 3819 1999 3826 .

194 3886 351 3986 asprrtmc
377 3881 419 3976 β.
437 3917 473 3968 κ.
491 3918 520 3960 τ.
540 3898 577 3966 λ.
605 3887 753 3986 reliqua
786 3884 890 3966 enirn
921 3909 1020 3986 quae
1055 3886 1212 3987 insuper
1237 3891 1431 3986 leguntur,
1481 3887 1576 3966 salso
1601 3915 1671 3990 pro
1702 3893 1879 3990 genueris

262 4139 316 4221 ¹8)
339 4135 500 4222 Philyrae
516 4134 645 4221 papyri
664 4137 897 4224 Aegyptiacae
913 4133 1063 4201 invicem
1080 4129 1215 4220 xlm,
1236 4155 1297 4202 sea
1314 4135 1452 4224 glutine
1469 4135 1731 4224 jungebantur,
1752 4159 1883 4226 quous·
1989 4132 2007 4158 ⁸

318 4275 388 4338 quc
403 4251 595 4338 legitimam
613 4250 875 4336 longitudtncm
899 4251 1093 4318 voluminis
1118 4225 1313 4342 explerent..
1358 4253 1475 4320 Primo
1499 4256 1718 4340 adglutinata
1744 4277 1883 4326 enarra·

165 4383 187 4412 ³
319 4362 449 4430 tionem
463 4360 557 4440 tacti,
577 4381 700 4424 causae
715 4360 954 4444 praemissam,
972 4363 1188 4446 continebat,
1210 4366 1305 4426 unde
1322 4361 1488 4448 deinceps
1506 4365 1678 4452 expositio
1698 4368 1884 4450 quaelibet

317 4469 370 4536 rei
391 4481 487 4536 actae
505 4469 621 4554 princ
642 4467 902 4555 adglutiuatio,
923 4465 1176 4572 fpmdmmp,
1210 4473 1502 4554 compellabatur,

1303 4623 1328 4697 3
