4676 5832
903 335 1152 414 ''⁴²7“

185 498 538 600 Hereulanensibus
568 493 750 592 altitudo,
776 495 954 590 latitudo,
981 507 1018 572 et
1036 495 1232 575 intervalla
1257 495 1395 598 pariter
1413 500 1601 601 aequalia:
1627 497 1871 578 haecomnia

183 627 303 706 codici
329 637 489 704 aetatem
514 623 727 716 vindicant,
756 651 829 724 qua
852 635 1016 698 caeteros
1047 621 1215 714 codices,
1242 649 1337 720 quos
1366 623 1667 706 inrbibliothecis
1691 627 1872 702 asservari

181 753 380 852 novimus,
417 753 533 853 longe
558 759 750 846 exuperat.
808 747 894 820 Alia
927 769 1019 822 vero
1058 745 1148 820 certi
1186 741 1383 846 cujusdam
1412 747 1497 824 aevi
1523 761 1630 823 notas
1664 764 1701 826 et
1730 750 1870 828 indicia

180 876 410 954 includunt:
437 872 562 972 qualia
583 881 672 944 sunt
697 871 950 945 additamenta
971 867 1019 940 ad
1043 867 1338 968 subscriptiones
1362 871 1502 944 tardius
1531 873 1578 946 ab
1604 872 1679 948 alio
1698 897 1869 968 annexa3

182 1023 282 1100 quae
311 1011 349 1072 et
377 996 458 1096 ipsa
481 992 689 1093 nequidem
713 991 882 1066 Euthalii
912 989 1087 1066 formulas
1110 1005 1340 1092 sequuntur,
1386 996 1452 1070 sed
1479 995 1645 1095 speciem
1682 995 1871 1100 ejusmodi

175 1122 425 1202 notationum
460 1118 739 1221 praeseferunt,
774 1141 821 1192 ex
854 1115 993 1216 quibus
1022 1117 1220 1194 Euthalius
1265 1117 1422 1218 posthac
1455 1119 1748 1220 subscriptiones
1783 1147 1868 1196 suas

185 1249 337 1344 collegit
362 1258 398 1322 et
424 1244 659 1322 efformavit:
697 1242 863 1319 desectus
890 1267 1004 1341 porro
1023 1242 1204 1344 ⁸capitum
1231 1241 1600 1323 ammonendum,
1639 1270 1736 1346 quae
1764 1270 1869 1322 sene

179 1369 312 1446 'scente
332 1372 461 1446 seculo
485 1371 556 1448 lV.
576 1369 619 1443 in
635 1367 865 1442 Graecorum
893 1364 999 1439 libris
1022 1378 1201 1442 consueta
1220 1363 1299 1468 jam
1322 1368 1369 1441 ad
1396 1367 1532 1442 latinos
1553 1372 1866 1468 commigrarunt:

184 1495 225 1570 in
260 1491 347 1569 actis
378 1505 416 1568 et
456 1493 648 1569 catholicis
678 1489 847 1592 epistolis
879 1487 1022 1589 duplex
1052 1489 1094 1566 in
1127 1492 1248 1591 capita
1278 1491 1438 1586 divisio,
1481 1520 1641 1593 quarum
1672 1519 1722 1572 ne
1753 1498 1866 1570 altera

182 1620 362 1720 quidem,
388 1617 610 1710 adventitia,
635 1627 673 1693 et
692 1628 865 1716 ternpore
892 1615 1102 1714 posterior,
1128 1617 1176 1690 ad
1196 1614 1363 1690 Euthalii
1386 1643 1560 1690 normam
1592 1617 1762 1698 coniecta
1793 1638 1864 1694 est:

179 1744 300 1846 capita
322 1767 390 1844 per
420 1766 553 1818 omnes
583 1742 758 1842 epistolas
784 1738 893 1814 Pauli
929 1764 1007 1814 una
1035 1764 1283 1844 numerorum
1311 1739 1406 1816 serie
1429 1741 1680 1836 concinnam
1705 1743 1864 1836 divisio,

176 1880 221 1944 ut
233 1871 361 1970 palam
376 1879 433 1944 est
448 1864 709 1956 vetustissima,
733 1889 795 1937 cur
786 1860 991 1962 deinceps
1014 1864 1269 1942 auctoritatem
1284 1864 1477 1964 abrogavit
1498 1866 1593 1959 alia,
1621 1893 1719 1966 quae
1743 1868 1863 1969 capita

177 1992 340 2112 singulis
367 1988 533 2088 epistolis
560 1986 760 2087 peculiaria
785 1985 988 2107 adtribuit,
1031 2001 1067 2064 et
1092 1989 1172 2090 ipsa
1197 1990 1309 2063 etiam
1334 1989 1513 2124 antiqua,
1554 2018 1642 2068 cum
1670 1993 1863 2092 haudqua-

181 2141 300 2222 quam
334 2109 382 2186 ab
418 2111 618 2205 Euthalio,
664 2113 731 2186 sed
762 2135 810 2188 ex
840 2106 920 2211 ejus
952 2109 1193 2204 testimonio,
1233 2123 1350 2186 aetate
1383 2107 1570 2212 majorum
1607 2116 1759 2190 condita
1793 2115 1861 2189 sit:

179 2237 340 2336 epistola
374 2235 422 2308 ad
448 2233 645 2310 Hebraeos
673 2235 804 2334 paullo
832 2245 918 2309 ante
949 2235 1036 2309 loco
1071 2243 1195 2328 mota,
1245 2245 1282 2309 et
1309 2247 1408 2310 retro
1441 2249 1528 2336 post
1570 2238 1775 2313 secundam
1812 2237 1861 2312 ad

175 2358 526 2436 'thessalonicenses
547 2357 767 2449 amandata,
805 2381 904 2455 quae
931 2359 1116 2450 mutatio,
1149 2357 1254 2457 quod
1283 2357 1497 2458 superstites
1521 2357 1563 2442 in
1592 2361 1723 2438 codice
1747 2373 1860 2438 notae

173 2480 367 2571 indicant,
409 2489 502 2552 tunc
527 2499 657 2552 recens
685 2487 725 2553 et
744 2500 870 2568 nova,
908 2477 1103 2554 Athanasii
1128 2477 1363 2578 temporibus
1385 2475 1464 2580 jam
1487 2480 1529 2556 in
1555 2483 1730 2584 Aegypto
1759 2511 1861 2566 conr·

173 2603 305 2680 munis
328 2601 401 2674 luit
426 2612 465 2675 et
489 2625 561 2674 usu
587 2599 823 2677 introducta:
867 2604 1012 2678 nome‘n
1041 2602 1207 2704 denique
1229 2603 1333 2678 urbis
1360 2603 1401 2680 in
1424 2605 1646 2682 salutatione
1670 2609 1717 2682 ad
1734 2609 1860 2710 Ephe·

177 2733 255 2808 sios
280 2727 477 2819 omissum,
504 2727 608 2826 quod
627 2749 723 2803 aevo
749 2726 881 2802 Basilii
898 2726 940 2801 in
964 2727 1155 2803 veteribus
1175 2740 1318 2812 tantum
1343 2726 1449 2802 libris
1472 2731 1659 2805 usuvenit.
1712 2732 1858 2828 Cuncta

176 2862 271 2935 haec
296 2863 611 2944 commonstrant,
649 2850 820 2928 codicem
847 2850 950 2926 haud
970 2849 1086 2926 dubie
1112 2854 1241 2942 seculo
1268 2849 1335 2928 lV.
1359 2875 1440 2926 esse
1463 2849 1782 2954 adjudicandum,
1820 2869 1858 2934 et

175 2983 332 3082 quidem
359 3001 441 3052 non
464 2977 594 3052 adulto
620 2986 658 3050 et
680 2976 898 3071 decedenti,
923 2976 991 3052 sed
1025 2987 1216 3058 exaratum
1245 2973 1360 3050 luisse
1391 2987 1478 3050 ante
1508 2976 1626 3052 seculi
1660 2979 1853 3075 medium,

174 3134 249 3210 qua
285 3117 403 3183 aetate
439 3125 512 3177 nec
539 3099 723 3192 Basilius,
765 3123 897 3198 neque
929 3099 1155 3174 Athanasius
1201 3099 1368 3174 nominis
1408 3099 1671 3177 claritudinem
1708 3105 1853 3208 scriptis

175 3247 281 3324 erant
305 3226 509 3316 consecuti.
562 3225 773 3300 Fatendum
796 3225 952 3326 insuper
976 3237 1050 3319 est,
1087 3226 1193 3326 quod
1219 3225 1354 3297 harum
1382 3247 1508 3297 rerum
1534 3238 1708 3325 expertos
1737 3231 1852 3305 latere

173 3359 325 3460 nequit,
349 3380 451 3432 raros
477 3363 543 3427 aut
560 3353 688 3426 nullos
714 3351 872 3425 omnino
895 3373 1091 3450 superesse
1122 3347 1294 3440 codices,
1335 3344 1465 3420 litteris
1487 3343 1702 3444 majusculis
1728 3374 1852 3427 exara-

174 3502 252 3577 tos,
279 3483 328 3556 de
351 3485 512 3580 quorum
536 3499 632 3550 aevo
656 3499 737 3548 non
761 3471 1007 3576 conjecturali
1036 3475 1203 3574 quodam
1228 3469 1447 3565 ratiocinio,
1482 3473 1550 3546 sed
1570 3468 1699 3573 justis,
1729 3503 1772 3552 ac
1796 3489 1852 3552 tot

172 3605 350 3710 legitimis
375 3598 604 3702 argumentis
633 3597 782 3697 liquido
810 3597 944 3693 statui,
987 3609 1024 3674 et
1054 3595 1160 3698 queis
1193 3589 1345 3670 finitum
1371 3593 1516 3692 exiguis
1543 3597 1640 3671 adeo
1667 3598 1849 3674 limitibus

173 3731 351 3835 temporis
377 3725 539 3829 spatium
571 3721 688 3824 possit
720 3719 908 3818 assignari.
961 3723 1073 3824 Quae
1101 3732 1288 3800 caeterum
1317 3721 1364 3794 de
1386 3743 1490 3795 novo
1515 3731 1735 3796 testamento
1760 3723 1850 3806 dixi,

174 3885 257 3938 eam
282 3877 435 3958 quoque
458 3863 601 3952 partem
625 3859 876 3938 concernunt,
901 3874 999 3946 quae
1022 3860 1130 3923 vetus
1156 3859 1298 3921 testam
1325 3840 1614 3942 complectitur,
1650 3844 1697 3917 ab
1715 3847 1847 3922 eadem
1907 3953 1912 3964 ι

170 3976 390 4080 calligraphi
419 4000 534 4052 manu
548 3971 796 4111 prosectamp
829 3973 896 4046 sed
919 3971 1066 4071 parcius
1088 3971 1249 4046 dotatam
1273 3951 1536 4080 peculiaribus
1546 3963 1848 4069 certicujusdam

168 4108 255 4186 aevi
283 4095 547 4188 documentis,
579 4119 685 4169 secus
713 4121 756 4168 ac
785 4093 825 4167 in
850 4120 955 4173 novo
979 4095 1132 4173 foedere
1154 4093 1293 4170 factum
1322 4102 1394 4183 est,
1431 4117 1493 4166 cur
1483 4089 1687 4194 locuples
1714 4092 1849 4191 obtigit

166 4231 401 4318 criteriorum
424 4223 601 4317 varietas,
634 4245 722 4298 cum
749 4243 896 4295 summa
921 4219 1185 4320 perspicuitate
1210 4209 1422 4316 conjuncta.

856 4425 1136 4462 *a
