4676 5832
1231 319 1481 396 ...18-

500 504 629 580 habita
659 517 771 598 sunt;
800 504 942 584 etenim
965 507 986 580 ὲ
1012 501 1178 580 secunda
1206 527 1321 579 mauu
1351 502 1519 603 profecta
1546 523 1627 578 esse
1664 501 1840 580 attentius
1870 505 2125 585 consideranti
2145 532 2196 585 ex

503 631 699 706 atramenti
729 631 870 733 dispari
893 635 1057 706 multum
1082 635 1211 707 colore
1237 630 1465 720 inlucescet3
1502 639 1540 702 et
1560 629 1594 702 si
1615 629 1734 706 vitrea
1757 630 1799 705 in
1830 627 2015 706 auxilium
2039 634 2199 710 advoca·

504 753 610 848 verit,
638 756 688 828 ad
717 755 928 854 augendam
955 755 1256 853 magnitudinem
1283 756 1501 853 excogitata,
1527 753 1829 857 manifestissime
1850 765 1981 854 arguet
2000 757 2204 856 unusquis·

504 901 581 976 que
599 902 681 952 non
699 883 825 954 solum
849 879 1046 954 atramenti
1068 878 1336 973 diversitatem,
1359 903 1493 955 verum
1517 878 1629 954 etiam
1654 879 1790 954 ductus
1813 879 2030 955 litterarum.
2057 877 2200 982 Hujus·

501 998 609 1074 modi
644 1003 876 1080 accessiones
909 1016 997 1076 sunt
1029 1004 1076 1075 ad
1104 1006 1245 1079 calcem
1290 1003 1472 1103 epistotae
1506 1005 1555 1077 ad
1586 1003 1800 1096 Romanos,
1837 1016 1924 1104 post
1960 1005 2078 1080 verba
2114 985 2218 1104 προςΙ

501 1151 682 1224 popurus,
724 1151 822 1225 quae
854 1139 1081 1226 sequuntur,
1128 1135 1262 1228 εγραφη
1295 1154 1366 1203 πο
1397 1126 1549 1227 superins
1610 1142 1698 1230 post
1729 1130 1842 1201 Imm
1872 1129 1921 1202 ad
1961 1128 2196 1227 Corinthios,

502 1257 637 1348 ιγραφη
667 1279 738 1329 ατο
768 1261 911 1352 sverm
944 1266 1030 1353 post
1058 1253 1181 1324 [Idam
1207 1263 1340 1352 εγρωφη
1367 1282 1438 1330 οπο
1470 1262 1668 1353 φιλιπωνς
1714 1265 1801 1354 post
1831 1277 1914 1334 eam
1947 1254 1996 1327 ad
2035 1255 2195 1350 Galatas,

502 1373 713 1475 Ephesios,
738 1377 1000 1478 Philippenses
1028 1390 1140 1476 atque
1175 1379 1437 1472 Colosseuses,
1464 1385 1598 1478 ιγραφη
1628 1407 1700 1454 ατο
1728 1408 1854 1479 popm
1880 1389 1968 1480 pust
1992 1389 2195 1478 utramque

500 1499 549 1570 ad
573 1499 949 1596 Thessalonicenses,
975 1511 1108 1601 εγριφη
1131 1533 1201 1580 aaa
1228 1503 1357 1594 «divas,
1408 1506 1463 1580 lta
1494 1527 1585 1581 sane
1611 1517 1784 1580 nostrum
1812 1507 2004 1604 exemplar
2029 1503 2191 1580 volumi·

500 1648 594 1698 num
616 1627 932 1704 consuetudinem
960 1627 1000 1702 in
1025 1629 1202 1703 omnihus
1228 1627 1403 1722 retinuit,
1434 1630 1540 1702 nulla
1564 1627 1782 1726 posterioris
1808 1628 1894 1703 aevi
1924 1641 2013 1704 nota
2036 1639 2192 1704 temera·

500 1755 597 1841 tarn,
649 1762 714 1824 aut
757 1751 975 1827 innovatam
1014 1755 1062 1827 ad
1098 1753 1283 1828 librorum
1324 1777 1480 1827 morem.
1528 1751 1693 1826 Tantum
1732 1740 1838 1826 abest
1869 1752 1920 1824 ab
1955 1751 2190 1826 Euthalianis

499 1871 867 1974 subscriptionibus,
915 1903 1013 1977 quae
1046 1891 1132 1980 post
1171 1879 1341 1954 medium
1373 1881 1567 1954 saeculum
1601 1878 1651 1958 V.
1687 1877 1896 1952 elaboratae
1933 1874 1975 1948 in
2011 1875 2188 1982 Aegypto
2236 1943 2257 1974 ,

496 1996 750 2073 auctoritatem
766 2015 989 2077 consecutae
1010 2015 1107 2098 sunt,
1130 2017 1173 2076 ut
1199 2029 1280 2079 non
1301 2007 1426 2078 solum
1445 2004 1528 2078 illas
1546 2028 1629 2080 non
1648 2001 1871 2102 susceperit,
1897 1999 1965 2075 sed
1981 1999 2187 2097 nequidem

500 2143 563 2193 eas
602 2120 760 2214 habeat,
800 2147 898 2221 quae
927 2124 1096 2196 Euthalii
1130 2133 1300 2220 tempora
1334 2123 1639 2220 praecesserunt,
1678 2126 1927 2223 simpliciores
1960 2127 2099 2215 multo,
2143 2147 2190 2198 ex

500 2241 638 2340 quibus
657 2243 854 2320 Euthalius
873 2273 958 2323 suas
983 2249 1138 2347 posthac
1163 2245 1372 2340 congessit,
1399 2257 1436 2319 et
1458 2246 1674 2340 fabrefecit,
1699 2244 1916 2348 cujusmodi
1939 2259 2028 2324 sunt
2055 2247 2189 2321 istaei

487 2370 665 2472 ‚secunda
700 2398 816 2443 manu
854 2373 1142 2456 codici·nostro
1180 2377 1348 2457 austae,
1383 2377 1448 2438 aut
1476 2388 1561 2455 eae,
1599 2387 1697 2460 quae
1724 2371 1769 2436 in
1797 2372 2059 2439 Alexandrino
2088 2371 2190 2447 libro

440 2567 443 2574 ,
499 2486 758 2566 inveniuntur.
768 2493 817 2576 19)

649 2707 870 2784 Divisiones
912 2705 954 2782 in
987 2706 1124 2809 capita,
1175 2705 1372 2808 pericopas
1408 2709 1470 2783 vel
1513 2713 1780 2804 anagnosmata
1825 2701 2035 2805 plurimum
2077 2729 2189 2807 saepe

497 2833 640 2909 faciunt
673 2858 743 2933 pro
784 2823 903 2908 aelate
939 2835 1118 2912 codicum
1157 2833 1397 2910 aestimanda.
1462 2833 1510 2906 lu
1549 2831 1828 2931 exemplaribus
1864 2829 2043 2927 antiquae
2075 2844 2190 2906 notae

497 2951 669 3056 vulgares
700 2971 737 3036 et
769 2959 924 3036 usitatae
953 2975 1043 3037 sunt
1066 2959 1272 3052 sectiones,
1301 2958 1340 3032 in
1376 2985 1468 3058 quas
1502 2957 1730 3034 Ammonius
1758 2955 2038 3033 Alexandrinus
2072 2957 2190 3032 libros
2229 3000 2234 3011 ·

436 3157 440 3163 .
500 3083 786 3180 evangeliorum
820 3082 959 3168 divisit,
1028 3084 1128 3158 Cum
1166 3084 1269 3158 enim
1305 3107 1352 3158 ex
1382 3092 1545 3181 quatour
1575 3080 1781 3176 evangeliis
1816 3105 1934 3154 unam
1972 3077 2191 3172 historiam,

564 3335 618 3416 ¹9)
662 3336 766 3418 Quod
792 3333 1022 3398 Euthslianae
1044 3331 1317 3417 subscriptiones
1349 3353 1390 3396 ex
1420 3329 1600 3393 similibus
1633 3328 1743 3412 notis,
1775 3331 1841 3392 snb
1872 3328 1979 3394 linem
2013 3328 2189 3394 librorum

622 3443 834 3508 eruditionis
859 3466 960 3510 causa
984 3444 1175 3508 hincinde
1206 3441 1364 3507 iscriba
1383 3448 1444 3502 aut
1466 3438 1597 3500 lectore
1618 3435 1838 3518 subjunctis,
1870 3441 1992 3517 quales
2013 3436 2072 3498 bic
2095 3433 2191 3510 quis-

623 3572 727 3633 quam
753 3551 903 3634 adjecit,
924 3573 1022 3616 suam
1044 3551 1212 3616 traxerint
1237 3549 1430 3634 originem,
1453 3567 1494 3608 ex
1521 3542 1679 3608 instituta
1704 3539 2066 3628 collatione'patescit.
2119 3532 2188 3598 Ubi

629 3681 660 3726 e.
686 3681 720 3745 g.
752 3659 867 3724 verbis
896 3695 977 3762 5903
1002 3691 1163 3765 ρωμηυς
1184 3669 1301 3723 nostro
1327 3653 1514 3736 adscripsit
1541 3651 1719 3734 quispiam
1748 3663 1882 3752 ςγριφη
1910 3681 1980 3726 axa
2013 3641 2186 3742 uetitos,

621 3773 806 3838 Euthalius
827 3777 947 3840 habet:
989 3771 1070 3876 πρὲς
1090 3787 1251 3880 pupulam
1280 3765 1417 3871 ἐγράφη
1448 3759 1522 3845 cirri
1548 3765 1696 3866 κιρίνθου
1720 3763 1776 3839 lad
1806 3763 1927 3864 φοίβης
1946 3761 2003 3850 τῆς
2022 3747 2186 3852 fsaxo'vov3
2289 3774 2291 3778 .

537 3910 546 3927 ·
624 3888 688 3952 ubi
708 3899 822 3954 nostro
845 3899 944 3973 post,
966 3920 1046 3990 προς
1069 3889 1244 3990 ,ωρψθωυς
1264 3887 1315 3978 β,
1348 3881 1502 3949 assuitur
1520 3891 1654 3980 ςγμφη
1679 3909 1750 3956 m
1773 3889 1971 3976 (omn-pv,
2003 3869 2187 3937 Euthalius

626 4005 746 4074 hahet:
782 3996 864 4104 apic
893 4006 1069 4106 inpubibus
1092 4006 1142 4097 β,
1182 3997 1314 4104 ἐγράφη
1349 3989 1423 4076 atro*
1450 4003 1628 4096 φιλίπων
1654 3989 1710 4072 <tol
1737 3999 1823 4070 τίτου
1851 3996 1911 4069 xci
1940 3983 2062 4070 λουκσῖ.
2116 3986 2186 4052 Ubi

525 4189 527 4194 ,
621 4121 729 4184 codex
759 4122 1028 4185 Alexandrimus
1056 4121 1238 4209 epistolam
1271 4121 1317 4181 ad
1346 4116 1467 4180 Titum
1491 4110 1700 4192 subscribit,
1727 4140 1808 4211 προς
1842 4139 1921 4185 rtrov
1949 4115 2082 4207 εγρωφη
2112 4134 2184 4180 aas
2261 4125 2267 4134 '

620 4239 820 4322 νικοπόλεως,
846 4235 1051 4300 Εῦίῐῑθῑῐῦδὲ
1083 4227 1165 4335 πρδς
1177 4237 1256 4309 risav
1274 4237 1331 4323 riis
1347 4217 1462 4332 »priseo
1478 4233 1659 4320 ἐκκλησίας
1677 4231 1802 4328 rpairov
1823 4229 2002 4332 arabesser
2015 4249 2186 4320 >cogerem-
2278 4229 2282 4240 '

452 4361 482 4412 “·
536 4377 540 4390 ’
618 4347 729 4442 Sirra
759 4344 894 4450 ἐγράφη
927 4345 1002 4426 dxl
1035 4340 1227 4433 vixerimus
1262 4351 1319 4438 τῆς
1352 4344 1555 4452 passima,
1620 4339 1770 4426 zacagni
1805 4339 1987 4413 collectan,
2019 4355 2181 4408 monum,

618 4477 684 4534 vet.
707 4489 742 4551 p.
751 4471 831 4547 589.
855 4469 927 4544 624,
950 4468 1022 4546 706.
1812 4484 1816 4492 ·
